%YAML 1.1
%TAG !u! tag:unity3d.com,2011:
--- !u!1 &3622572745552863993
GameObject:
  m_ObjectHideFlags: 0
  m_CorrespondingSourceObject: {fileID: 0}
  m_PrefabInstance: {fileID: 0}
  m_PrefabAsset: {fileID: 0}
  serializedVersion: 6
  m_Component:
  - component: {fileID: 541199540618630564}
  - component: {fileID: 9097376042282487060}
  - component: {fileID: 7936893779878525442}
  m_Layer: 12
  m_Name: Custom2DField
  m_TagString: Untagged
  m_Icon: {fileID: 0}
  m_NavMeshLayer: 0
  m_StaticEditorFlags: 0
  m_IsActive: 1
--- !u!4 &541199540618630564
Transform:
  m_ObjectHideFlags: 0
  m_CorrespondingSourceObject: {fileID: 0}
  m_PrefabInstance: {fileID: 0}
  m_PrefabAsset: {fileID: 0}
  m_GameObject: {fileID: 3622572745552863993}
  m_LocalRotation: {x: -0, y: -0, z: -0, w: 1}
  m_LocalPosition: {x: -1.2, y: 0, z: -2}
  m_LocalScale: {x: 1, y: 1, z: 1}
  m_Children: []
  m_Father: {fileID: 4506933660879772428}
  m_RootOrder: 6
  m_LocalEulerAnglesHint: {x: 0, y: 0, z: 0}
--- !u!114 &9097376042282487060
MonoBehaviour:
  m_ObjectHideFlags: 0
  m_CorrespondingSourceObject: {fileID: 0}
  m_PrefabInstance: {fileID: 0}
  m_PrefabAsset: {fileID: 0}
  m_GameObject: {fileID: 3622572745552863993}
  m_Enabled: 1
  m_EditorHideFlags: 0
  m_Script: {fileID: 11500000, guid: 616267e32080e4b8dac3ff19dbc8c958, type: 3}
  m_Name: 
  m_EditorClassIdentifier: 
  gridSize: {x: 2, y: 2}
  fieldType: 0
  kind: 1
  connections:
  - connectionType: 29
    quadrants: 0
    index: 0
    flags: 0
    field: {fileID: 9097376042282487060}
    knob: {fileID: 0}
    tubes: []
  - connectionType: 29
    quadrants: 0
    index: 1
    flags: 0
    field: {fileID: 9097376042282487060}
    knob: {fileID: 0}
    tubes: []
  - connectionType: 29
    quadrants: 0
    index: 2
    flags: 0
    field: {fileID: 9097376042282487060}
    knob: {fileID: 0}
    tubes: []
  - connectionType: 29
    quadrants: 0
    index: 3
    flags: 0
    field: {fileID: 9097376042282487060}
    knob: {fileID: 0}
    tubes: []
  - connectionType: 5
    quadrants: 4
    index: 4
    flags: 32
    field: {fileID: 9097376042282487060}
    knob: {fileID: 0}
    tubes: []
  - connectionType: 29
    quadrants: 0
    index: 5
    flags: 0
    field: {fileID: 9097376042282487060}
    knob: {fileID: 0}
    tubes: []
  - connectionType: 29
    quadrants: 0
    index: 6
    flags: 0
    field: {fileID: 9097376042282487060}
    knob: {fileID: 0}
    tubes: []
  - connectionType: 29
    quadrants: 0
    index: 7
    flags: 0
    field: {fileID: 9097376042282487060}
    knob: {fileID: 0}
    tubes: []
  - connectionType: 29
    quadrants: 0
    index: 8
    flags: 0
    field: {fileID: 9097376042282487060}
    knob: {fileID: 0}
    tubes: []
  connectivity: {fileID: 8492564712343549271}
  connected: 
  connectableConnections: 1
  connectedTo:
  - field: {fileID: 0}
    indexOfConnection: 0
  - field: {fileID: 0}
    indexOfConnection: 0
  - field: {fileID: 0}
    indexOfConnection: 0
  - field: {fileID: 0}
    indexOfConnection: 0
  - field: {fileID: 0}
    indexOfConnection: 0
  - field: {fileID: 0}
    indexOfConnection: 0
  - field: {fileID: 0}
    indexOfConnection: 0
  - field: {fileID: 0}
    indexOfConnection: 0
  - field: {fileID: 0}
    indexOfConnection: 0
--- !u!65 &7936893779878525442
BoxCollider:
  m_ObjectHideFlags: 0
  m_CorrespondingSourceObject: {fileID: 0}
  m_PrefabInstance: {fileID: 0}
  m_PrefabAsset: {fileID: 0}
  m_GameObject: {fileID: 3622572745552863993}
  m_Material: {fileID: 0}
  m_IsTrigger: 1
  m_Enabled: 1
  serializedVersion: 2
  m_Size: {x: 1.1999999, y: 0.1, z: 1.1999999}
  m_Center: {x: -0.39999998, y: 0, z: 0.39999998}
--- !u!1 &4169890175322529725
GameObject:
  m_ObjectHideFlags: 0
  m_CorrespondingSourceObject: {fileID: 0}
  m_PrefabInstance: {fileID: 0}
  m_PrefabAsset: {fileID: 0}
  serializedVersion: 6
  m_Component:
  - component: {fileID: 1780625739041495006}
  - component: {fileID: 2846478585534896651}
  - component: {fileID: 2261908964389063853}
  m_Layer: 12
  m_Name: Custom2DField
  m_TagString: Untagged
  m_Icon: {fileID: 0}
  m_NavMeshLayer: 0
  m_StaticEditorFlags: 0
  m_IsActive: 1
--- !u!4 &1780625739041495006
Transform:
  m_ObjectHideFlags: 0
  m_CorrespondingSourceObject: {fileID: 0}
  m_PrefabInstance: {fileID: 0}
  m_PrefabAsset: {fileID: 0}
  m_GameObject: {fileID: 4169890175322529725}
  m_LocalRotation: {x: -0, y: -0, z: -0, w: 1}
  m_LocalPosition: {x: -3.6, y: 0, z: -2}
  m_LocalScale: {x: 1, y: 1, z: 1}
  m_Children: []
  m_Father: {fileID: 4506933660879772428}
  m_RootOrder: 5
  m_LocalEulerAnglesHint: {x: 0, y: 0, z: 0}
--- !u!114 &2846478585534896651
MonoBehaviour:
  m_ObjectHideFlags: 0
  m_CorrespondingSourceObject: {fileID: 0}
  m_PrefabInstance: {fileID: 0}
  m_PrefabAsset: {fileID: 0}
  m_GameObject: {fileID: 4169890175322529725}
  m_Enabled: 1
  m_EditorHideFlags: 0
  m_Script: {fileID: 11500000, guid: 616267e32080e4b8dac3ff19dbc8c958, type: 3}
  m_Name: 
  m_EditorClassIdentifier: 
  gridSize: {x: 2, y: 2}
  fieldType: 0
  kind: 1
  connections:
  - connectionType: 29
    quadrants: 0
    index: 0
    flags: 0
    field: {fileID: 2846478585534896651}
    knob: {fileID: 0}
    tubes: []
  - connectionType: 29
    quadrants: 0
    index: 1
    flags: 0
    field: {fileID: 2846478585534896651}
    knob: {fileID: 0}
    tubes: []
  - connectionType: 29
    quadrants: 0
    index: 2
    flags: 0
    field: {fileID: 2846478585534896651}
    knob: {fileID: 0}
    tubes: []
  - connectionType: 29
    quadrants: 0
    index: 3
    flags: 0
    field: {fileID: 2846478585534896651}
    knob: {fileID: 0}
    tubes: []
  - connectionType: 5
    quadrants: 4
    index: 4
    flags: 32
    field: {fileID: 2846478585534896651}
    knob: {fileID: 0}
    tubes: []
  - connectionType: 29
    quadrants: 0
    index: 5
    flags: 0
    field: {fileID: 2846478585534896651}
    knob: {fileID: 0}
    tubes: []
  - connectionType: 29
    quadrants: 0
    index: 6
    flags: 0
    field: {fileID: 2846478585534896651}
    knob: {fileID: 0}
    tubes: []
  - connectionType: 29
    quadrants: 0
    index: 7
    flags: 0
    field: {fileID: 2846478585534896651}
    knob: {fileID: 0}
    tubes: []
  - connectionType: 29
    quadrants: 0
    index: 8
    flags: 0
    field: {fileID: 2846478585534896651}
    knob: {fileID: 0}
    tubes: []
  connectivity: {fileID: 8492564712343549271}
  connected: 
  connectableConnections: 1
  connectedTo:
  - field: {fileID: 0}
    indexOfConnection: 0
  - field: {fileID: 0}
    indexOfConnection: 0
  - field: {fileID: 0}
    indexOfConnection: 0
  - field: {fileID: 0}
    indexOfConnection: 0
  - field: {fileID: 0}
    indexOfConnection: 0
  - field: {fileID: 0}
    indexOfConnection: 0
  - field: {fileID: 0}
    indexOfConnection: 0
  - field: {fileID: 0}
    indexOfConnection: 0
  - field: {fileID: 0}
    indexOfConnection: 0
--- !u!65 &2261908964389063853
BoxCollider:
  m_ObjectHideFlags: 0
  m_CorrespondingSourceObject: {fileID: 0}
  m_PrefabInstance: {fileID: 0}
  m_PrefabAsset: {fileID: 0}
  m_GameObject: {fileID: 4169890175322529725}
  m_Material: {fileID: 0}
  m_IsTrigger: 1
  m_Enabled: 1
  serializedVersion: 2
  m_Size: {x: 1.1999999, y: 0.1, z: 1.1999999}
  m_Center: {x: -0.39999998, y: 0, z: 0.39999998}
--- !u!1 &5410880325962360680
GameObject:
  m_ObjectHideFlags: 0
  m_CorrespondingSourceObject: {fileID: 0}
  m_PrefabInstance: {fileID: 0}
  m_PrefabAsset: {fileID: 0}
  serializedVersion: 6
  m_Component:
  - component: {fileID: 8277565268850923007}
  - component: {fileID: 2299543336133862217}
  - component: {fileID: 233530416500719768}
  m_Layer: 12
  m_Name: Custom2DField
  m_TagString: Untagged
  m_Icon: {fileID: 0}
  m_NavMeshLayer: 0
  m_StaticEditorFlags: 0
  m_IsActive: 1
--- !u!4 &8277565268850923007
Transform:
  m_ObjectHideFlags: 0
  m_CorrespondingSourceObject: {fileID: 0}
  m_PrefabInstance: {fileID: 0}
  m_PrefabAsset: {fileID: 0}
  m_GameObject: {fileID: 5410880325962360680}
  m_LocalRotation: {x: -0, y: -0, z: -0, w: 1}
  m_LocalPosition: {x: 0.4, y: 0, z: -0.4}
  m_LocalScale: {x: 1, y: 1, z: 1}
  m_Children: []
  m_Father: {fileID: 4506933660879772428}
  m_RootOrder: 1
  m_LocalEulerAnglesHint: {x: 0, y: 0, z: 0}
--- !u!114 &2299543336133862217
MonoBehaviour:
  m_ObjectHideFlags: 0
  m_CorrespondingSourceObject: {fileID: 0}
  m_PrefabInstance: {fileID: 0}
  m_PrefabAsset: {fileID: 0}
  m_GameObject: {fileID: 5410880325962360680}
  m_Enabled: 1
  m_EditorHideFlags: 0
  m_Script: {fileID: 11500000, guid: 616267e32080e4b8dac3ff19dbc8c958, type: 3}
  m_Name: 
  m_EditorClassIdentifier: 
  gridSize: {x: 2, y: 2}
  fieldType: 0
  kind: 1
  connections:
  - connectionType: 29
    quadrants: 0
    index: 0
    flags: 0
    field: {fileID: 2299543336133862217}
    knob: {fileID: 0}
    tubes: []
  - connectionType: 29
    quadrants: 0
    index: 1
    flags: 0
    field: {fileID: 2299543336133862217}
    knob: {fileID: 0}
    tubes: []
  - connectionType: 29
    quadrants: 0
    index: 2
    flags: 0
    field: {fileID: 2299543336133862217}
    knob: {fileID: 0}
    tubes: []
  - connectionType: 29
    quadrants: 0
    index: 3
    flags: 0
    field: {fileID: 2299543336133862217}
    knob: {fileID: 0}
    tubes: []
  - connectionType: 5
    quadrants: 4
    index: 4
    flags: 32
    field: {fileID: 2299543336133862217}
    knob: {fileID: 0}
    tubes: []
  - connectionType: 29
    quadrants: 0
    index: 5
    flags: 0
    field: {fileID: 2299543336133862217}
    knob: {fileID: 0}
    tubes: []
  - connectionType: 29
    quadrants: 0
    index: 6
    flags: 0
    field: {fileID: 2299543336133862217}
    knob: {fileID: 0}
    tubes: []
  - connectionType: 29
    quadrants: 0
    index: 7
    flags: 0
    field: {fileID: 2299543336133862217}
    knob: {fileID: 0}
    tubes: []
  - connectionType: 29
    quadrants: 0
    index: 8
    flags: 0
    field: {fileID: 2299543336133862217}
    knob: {fileID: 0}
    tubes: []
  connectivity: {fileID: 8492564712343549271}
  connected: 
  connectableConnections: 1
  connectedTo:
  - field: {fileID: 0}
    indexOfConnection: 0
  - field: {fileID: 0}
    indexOfConnection: 0
  - field: {fileID: 0}
    indexOfConnection: 0
  - field: {fileID: 0}
    indexOfConnection: 0
  - field: {fileID: 0}
    indexOfConnection: 0
  - field: {fileID: 0}
    indexOfConnection: 0
  - field: {fileID: 0}
    indexOfConnection: 0
  - field: {fileID: 0}
    indexOfConnection: 0
  - field: {fileID: 0}
    indexOfConnection: 0
--- !u!65 &233530416500719768
BoxCollider:
  m_ObjectHideFlags: 0
  m_CorrespondingSourceObject: {fileID: 0}
  m_PrefabInstance: {fileID: 0}
  m_PrefabAsset: {fileID: 0}
  m_GameObject: {fileID: 5410880325962360680}
  m_Material: {fileID: 0}
  m_IsTrigger: 1
  m_Enabled: 1
  serializedVersion: 2
  m_Size: {x: 1.1999999, y: 0.1, z: 1.1999999}
  m_Center: {x: -0.39999998, y: 0, z: 0.39999998}
--- !u!1 &6301612441095749359
GameObject:
  m_ObjectHideFlags: 0
  m_CorrespondingSourceObject: {fileID: 0}
  m_PrefabInstance: {fileID: 0}
  m_PrefabAsset: {fileID: 0}
  serializedVersion: 6
  m_Component:
  - component: {fileID: 1409260553336557657}
  - component: {fileID: 8987987596630503591}
  - component: {fileID: 2357517604666266578}
  m_Layer: 12
  m_Name: Custom2DField
  m_TagString: Untagged
  m_Icon: {fileID: 0}
  m_NavMeshLayer: 0
  m_StaticEditorFlags: 0
  m_IsActive: 1
--- !u!4 &1409260553336557657
Transform:
  m_ObjectHideFlags: 0
  m_CorrespondingSourceObject: {fileID: 0}
  m_PrefabInstance: {fileID: 0}
  m_PrefabAsset: {fileID: 0}
  m_GameObject: {fileID: 6301612441095749359}
  m_LocalRotation: {x: -0, y: -0, z: -0, w: 1}
  m_LocalPosition: {x: 0.4, y: 0, z: -3.6}
  m_LocalScale: {x: 1, y: 1, z: 1}
  m_Children: []
  m_Father: {fileID: 4506933660879772428}
  m_RootOrder: 3
  m_LocalEulerAnglesHint: {x: 0, y: 0, z: 0}
--- !u!114 &8987987596630503591
MonoBehaviour:
  m_ObjectHideFlags: 0
  m_CorrespondingSourceObject: {fileID: 0}
  m_PrefabInstance: {fileID: 0}
  m_PrefabAsset: {fileID: 0}
  m_GameObject: {fileID: 6301612441095749359}
  m_Enabled: 1
  m_EditorHideFlags: 0
  m_Script: {fileID: 11500000, guid: 616267e32080e4b8dac3ff19dbc8c958, type: 3}
  m_Name: 
  m_EditorClassIdentifier: 
  gridSize: {x: 2, y: 2}
  fieldType: 0
  kind: 1
  connections:
  - connectionType: 29
    quadrants: 0
    index: 0
    flags: 0
    field: {fileID: 8987987596630503591}
    knob: {fileID: 0}
    tubes: []
  - connectionType: 29
    quadrants: 0
    index: 1
    flags: 0
    field: {fileID: 8987987596630503591}
    knob: {fileID: 0}
    tubes: []
  - connectionType: 29
    quadrants: 0
    index: 2
    flags: 0
    field: {fileID: 8987987596630503591}
    knob: {fileID: 0}
    tubes: []
  - connectionType: 29
    quadrants: 0
    index: 3
    flags: 0
    field: {fileID: 8987987596630503591}
    knob: {fileID: 0}
    tubes: []
  - connectionType: 5
    quadrants: 4
    index: 4
    flags: 32
    field: {fileID: 8987987596630503591}
    knob: {fileID: 0}
    tubes: []
  - connectionType: 29
    quadrants: 0
    index: 5
    flags: 0
    field: {fileID: 8987987596630503591}
    knob: {fileID: 0}
    tubes: []
  - connectionType: 29
    quadrants: 0
    index: 6
    flags: 0
    field: {fileID: 8987987596630503591}
    knob: {fileID: 0}
    tubes: []
  - connectionType: 29
    quadrants: 0
    index: 7
    flags: 0
    field: {fileID: 8987987596630503591}
    knob: {fileID: 0}
    tubes: []
  - connectionType: 29
    quadrants: 0
    index: 8
    flags: 0
    field: {fileID: 8987987596630503591}
    knob: {fileID: 0}
    tubes: []
  connectivity: {fileID: 8492564712343549271}
  connected: 
  connectableConnections: 1
  connectedTo:
  - field: {fileID: 0}
    indexOfConnection: 0
  - field: {fileID: 0}
    indexOfConnection: 0
  - field: {fileID: 0}
    indexOfConnection: 0
  - field: {fileID: 0}
    indexOfConnection: 0
  - field: {fileID: 0}
    indexOfConnection: 0
  - field: {fileID: 0}
    indexOfConnection: 0
  - field: {fileID: 0}
    indexOfConnection: 0
  - field: {fileID: 0}
    indexOfConnection: 0
  - field: {fileID: 0}
    indexOfConnection: 0
--- !u!65 &2357517604666266578
BoxCollider:
  m_ObjectHideFlags: 0
  m_CorrespondingSourceObject: {fileID: 0}
  m_PrefabInstance: {fileID: 0}
  m_PrefabAsset: {fileID: 0}
  m_GameObject: {fileID: 6301612441095749359}
  m_Material: {fileID: 0}
  m_IsTrigger: 1
  m_Enabled: 1
  serializedVersion: 2
  m_Size: {x: 1.1999999, y: 0.1, z: 1.1999999}
  m_Center: {x: -0.39999998, y: 0, z: 0.39999998}
--- !u!1 &6875003657177136828
GameObject:
  m_ObjectHideFlags: 0
  m_CorrespondingSourceObject: {fileID: 0}
  m_PrefabInstance: {fileID: 0}
  m_PrefabAsset: {fileID: 0}
  serializedVersion: 6
  m_Component:
  - component: {fileID: 3984072237867545764}
  - component: {fileID: 1854581633390524862}
  - component: {fileID: 918495677157544404}
  m_Layer: 13
  m_Name: Custom2DField
  m_TagString: Untagged
  m_Icon: {fileID: 0}
  m_NavMeshLayer: 0
  m_StaticEditorFlags: 0
  m_IsActive: 1
--- !u!4 &3984072237867545764
Transform:
  m_ObjectHideFlags: 0
  m_CorrespondingSourceObject: {fileID: 0}
  m_PrefabInstance: {fileID: 0}
  m_PrefabAsset: {fileID: 0}
  m_GameObject: {fileID: 6875003657177136828}
  m_LocalRotation: {x: -0, y: -0, z: -0, w: 1}
  m_LocalPosition: {x: 0.4, y: 0.32, z: -3.6}
  m_LocalScale: {x: 1, y: 1, z: 1}
  m_Children: []
  m_Father: {fileID: 4506933660879772428}
  m_RootOrder: 0
  m_LocalEulerAnglesHint: {x: 0, y: 0, z: 0}
--- !u!114 &1854581633390524862
MonoBehaviour:
  m_ObjectHideFlags: 0
  m_CorrespondingSourceObject: {fileID: 0}
  m_PrefabInstance: {fileID: 0}
  m_PrefabAsset: {fileID: 0}
  m_GameObject: {fileID: 6875003657177136828}
  m_Enabled: 1
  m_EditorHideFlags: 0
  m_Script: {fileID: 11500000, guid: 616267e32080e4b8dac3ff19dbc8c958, type: 3}
  m_Name: 
  m_EditorClassIdentifier: 
  gridSize: {x: 12, y: 10}
  fieldType: 0
  kind: 0
  connections:
  - connectionType: 29
    quadrants: 0
    index: 0
    flags: 1
    field: {fileID: 1854581633390524862}
    knob: {fileID: 0}
    tubes: []
  - connectionType: 29
    quadrants: 0
    index: 1
    flags: 1
    field: {fileID: 1854581633390524862}
    knob: {fileID: 0}
    tubes: []
  - connectionType: 29
    quadrants: 0
    index: 2
    flags: 1
    field: {fileID: 1854581633390524862}
    knob: {fileID: 0}
    tubes: []
  - connectionType: 29
    quadrants: 0
    index: 3
    flags: 1
    field: {fileID: 1854581633390524862}
    knob: {fileID: 0}
    tubes: []
  - connectionType: 29
    quadrants: 0
    index: 4
    flags: 1
    field: {fileID: 1854581633390524862}
    knob: {fileID: 0}
    tubes: []
  - connectionType: 29
    quadrants: 0
    index: 5
    flags: 1
    field: {fileID: 1854581633390524862}
    knob: {fileID: 0}
    tubes: []
  - connectionType: 29
    quadrants: 0
    index: 6
    flags: 1
    field: {fileID: 1854581633390524862}
    knob: {fileID: 0}
    tubes: []
  - connectionType: 29
    quadrants: 0
    index: 7
    flags: 1
    field: {fileID: 1854581633390524862}
    knob: {fileID: 0}
    tubes: []
  - connectionType: 29
    quadrants: 0
    index: 8
    flags: 1
    field: {fileID: 1854581633390524862}
    knob: {fileID: 0}
    tubes: []
  - connectionType: 29
    quadrants: 0
    index: 9
    flags: 1
    field: {fileID: 1854581633390524862}
    knob: {fileID: 0}
    tubes: []
  - connectionType: 29
    quadrants: 0
    index: 10
    flags: 1
    field: {fileID: 1854581633390524862}
    knob: {fileID: 0}
    tubes: []
  - connectionType: 29
    quadrants: 0
    index: 11
    flags: 1
    field: {fileID: 1854581633390524862}
    knob: {fileID: 0}
    tubes: []
  - connectionType: 29
    quadrants: 0
    index: 12
    flags: 1
    field: {fileID: 1854581633390524862}
    knob: {fileID: 0}
    tubes: []
  - connectionType: 29
    quadrants: 0
    index: 13
    flags: 1
    field: {fileID: 1854581633390524862}
    knob: {fileID: 0}
    tubes: []
  - connectionType: 1
    quadrants: 4
    index: 14
    flags: 4
    field: {fileID: 1854581633390524862}
    knob: {fileID: 0}
    tubes: []
  - connectionType: 29
    quadrants: 0
    index: 15
    flags: 1
    field: {fileID: 1854581633390524862}
    knob: {fileID: 0}
    tubes: []
  - connectionType: 1
    quadrants: 4
    index: 16
    flags: 4
    field: {fileID: 1854581633390524862}
    knob: {fileID: 0}
    tubes: []
  - connectionType: 29
    quadrants: 0
    index: 17
    flags: 1
    field: {fileID: 1854581633390524862}
    knob: {fileID: 0}
    tubes: []
  - connectionType: 1
    quadrants: 4
    index: 18
    flags: 4
    field: {fileID: 1854581633390524862}
    knob: {fileID: 0}
    tubes: []
  - connectionType: 29
    quadrants: 0
    index: 19
    flags: 1
    field: {fileID: 1854581633390524862}
    knob: {fileID: 0}
    tubes: []
  - connectionType: 29
    quadrants: 0
    index: 20
    flags: 1
    field: {fileID: 1854581633390524862}
    knob: {fileID: 0}
    tubes: []
  - connectionType: 29
    quadrants: 0
    index: 21
    flags: 1
    field: {fileID: 1854581633390524862}
    knob: {fileID: 0}
    tubes: []
  - connectionType: 29
    quadrants: 0
    index: 22
    flags: 1
    field: {fileID: 1854581633390524862}
    knob: {fileID: 0}
    tubes: []
  - connectionType: 29
    quadrants: 0
    index: 23
    flags: 1
    field: {fileID: 1854581633390524862}
    knob: {fileID: 0}
    tubes: []
  - connectionType: 29
    quadrants: 0
    index: 24
    flags: 1
    field: {fileID: 1854581633390524862}
    knob: {fileID: 0}
    tubes: []
  - connectionType: 29
    quadrants: 0
    index: 25
    flags: 1
    field: {fileID: 1854581633390524862}
    knob: {fileID: 0}
    tubes: []
  - connectionType: 29
    quadrants: 0
    index: 26
    flags: 1
    field: {fileID: 1854581633390524862}
    knob: {fileID: 0}
    tubes: []
  - connectionType: 29
    quadrants: 0
    index: 27
    flags: 1
    field: {fileID: 1854581633390524862}
    knob: {fileID: 0}
    tubes: []
  - connectionType: 29
    quadrants: 0
    index: 28
    flags: 1
    field: {fileID: 1854581633390524862}
    knob: {fileID: 0}
    tubes: []
  - connectionType: 29
    quadrants: 0
    index: 29
    flags: 1
    field: {fileID: 1854581633390524862}
    knob: {fileID: 0}
    tubes: []
  - connectionType: 29
    quadrants: 0
    index: 30
    flags: 1
    field: {fileID: 1854581633390524862}
    knob: {fileID: 0}
    tubes: []
  - connectionType: 29
    quadrants: 0
    index: 31
    flags: 1
    field: {fileID: 1854581633390524862}
    knob: {fileID: 0}
    tubes: []
  - connectionType: 29
    quadrants: 0
    index: 32
    flags: 1
    field: {fileID: 1854581633390524862}
    knob: {fileID: 0}
    tubes: []
  - connectionType: 29
    quadrants: 0
    index: 33
    flags: 1
    field: {fileID: 1854581633390524862}
    knob: {fileID: 0}
    tubes: []
  - connectionType: 29
    quadrants: 0
    index: 34
    flags: 1
    field: {fileID: 1854581633390524862}
    knob: {fileID: 0}
    tubes: []
  - connectionType: 29
    quadrants: 0
    index: 35
    flags: 1
    field: {fileID: 1854581633390524862}
    knob: {fileID: 0}
    tubes: []
  - connectionType: 29
    quadrants: 0
    index: 36
    flags: 1
    field: {fileID: 1854581633390524862}
    knob: {fileID: 0}
    tubes: []
  - connectionType: 29
    quadrants: 0
    index: 37
    flags: 1
    field: {fileID: 1854581633390524862}
    knob: {fileID: 0}
    tubes: []
  - connectionType: 29
    quadrants: 0
    index: 38
    flags: 1
    field: {fileID: 1854581633390524862}
    knob: {fileID: 0}
    tubes: []
  - connectionType: 29
    quadrants: 0
    index: 39
    flags: 1
    field: {fileID: 1854581633390524862}
    knob: {fileID: 0}
    tubes: []
  - connectionType: 1
    quadrants: 4
    index: 40
    flags: 4
    field: {fileID: 1854581633390524862}
    knob: {fileID: 0}
    tubes: []
  - connectionType: 29
    quadrants: 0
    index: 41
    flags: 1
    field: {fileID: 1854581633390524862}
    knob: {fileID: 0}
    tubes: []
  - connectionType: 29
    quadrants: 0
    index: 42
    flags: 1
    field: {fileID: 1854581633390524862}
    knob: {fileID: 0}
    tubes: []
  - connectionType: 29
    quadrants: 0
    index: 43
    flags: 1
    field: {fileID: 1854581633390524862}
    knob: {fileID: 0}
    tubes: []
  - connectionType: 29
    quadrants: 0
    index: 44
    flags: 1
    field: {fileID: 1854581633390524862}
    knob: {fileID: 0}
    tubes: []
  - connectionType: 29
    quadrants: 0
    index: 45
    flags: 1
    field: {fileID: 1854581633390524862}
    knob: {fileID: 0}
    tubes: []
  - connectionType: 1
    quadrants: 4
    index: 46
    flags: 4
    field: {fileID: 1854581633390524862}
    knob: {fileID: 0}
    tubes: []
  - connectionType: 29
    quadrants: 0
    index: 47
    flags: 1
    field: {fileID: 1854581633390524862}
    knob: {fileID: 0}
    tubes: []
  - connectionType: 1
    quadrants: 4
    index: 48
    flags: 4
    field: {fileID: 1854581633390524862}
    knob: {fileID: 0}
    tubes: []
  - connectionType: 29
    quadrants: 0
    index: 49
    flags: 1
    field: {fileID: 1854581633390524862}
    knob: {fileID: 0}
    tubes: []
  - connectionType: 29
    quadrants: 0
    index: 50
    flags: 1
    field: {fileID: 1854581633390524862}
    knob: {fileID: 0}
    tubes: []
  - connectionType: 29
    quadrants: 0
    index: 51
    flags: 1
    field: {fileID: 1854581633390524862}
    knob: {fileID: 0}
    tubes: []
  - connectionType: 29
    quadrants: 0
    index: 52
    flags: 1
    field: {fileID: 1854581633390524862}
    knob: {fileID: 0}
    tubes: []
  - connectionType: 29
    quadrants: 0
    index: 53
    flags: 1
    field: {fileID: 1854581633390524862}
    knob: {fileID: 0}
    tubes: []
  - connectionType: 29
    quadrants: 0
    index: 54
    flags: 1
    field: {fileID: 1854581633390524862}
    knob: {fileID: 0}
    tubes: []
  - connectionType: 29
    quadrants: 0
    index: 55
    flags: 1
    field: {fileID: 1854581633390524862}
    knob: {fileID: 0}
    tubes: []
  - connectionType: 29
    quadrants: 0
    index: 56
    flags: 1
    field: {fileID: 1854581633390524862}
    knob: {fileID: 0}
    tubes: []
  - connectionType: 29
    quadrants: 0
    index: 57
    flags: 1
    field: {fileID: 1854581633390524862}
    knob: {fileID: 0}
    tubes: []
  - connectionType: 29
    quadrants: 0
    index: 58
    flags: 1
    field: {fileID: 1854581633390524862}
    knob: {fileID: 0}
    tubes: []
  - connectionType: 29
    quadrants: 0
    index: 59
    flags: 1
    field: {fileID: 1854581633390524862}
    knob: {fileID: 0}
    tubes: []
  - connectionType: 29
    quadrants: 0
    index: 60
    flags: 1
    field: {fileID: 1854581633390524862}
    knob: {fileID: 0}
    tubes: []
  - connectionType: 29
    quadrants: 0
    index: 61
    flags: 1
    field: {fileID: 1854581633390524862}
    knob: {fileID: 0}
    tubes: []
  - connectionType: 29
    quadrants: 0
    index: 62
    flags: 1
    field: {fileID: 1854581633390524862}
    knob: {fileID: 0}
    tubes: []
  - connectionType: 29
    quadrants: 0
    index: 63
    flags: 1
    field: {fileID: 1854581633390524862}
    knob: {fileID: 0}
    tubes: []
  - connectionType: 29
    quadrants: 0
    index: 64
    flags: 1
    field: {fileID: 1854581633390524862}
    knob: {fileID: 0}
    tubes: []
  - connectionType: 29
    quadrants: 0
    index: 65
    flags: 1
    field: {fileID: 1854581633390524862}
    knob: {fileID: 0}
    tubes: []
  - connectionType: 29
    quadrants: 0
    index: 66
    flags: 1
    field: {fileID: 1854581633390524862}
    knob: {fileID: 0}
    tubes: []
  - connectionType: 29
    quadrants: 0
    index: 67
    flags: 1
    field: {fileID: 1854581633390524862}
    knob: {fileID: 0}
    tubes: []
  - connectionType: 29
    quadrants: 0
    index: 68
    flags: 1
    field: {fileID: 1854581633390524862}
    knob: {fileID: 0}
    tubes: []
  - connectionType: 29
    quadrants: 0
    index: 69
    flags: 1
    field: {fileID: 1854581633390524862}
    knob: {fileID: 0}
    tubes: []
  - connectionType: 1
    quadrants: 4
    index: 70
    flags: 4
    field: {fileID: 1854581633390524862}
    knob: {fileID: 0}
    tubes: []
  - connectionType: 29
    quadrants: 0
    index: 71
    flags: 1
    field: {fileID: 1854581633390524862}
    knob: {fileID: 0}
    tubes: []
  - connectionType: 29
    quadrants: 0
    index: 72
    flags: 1
    field: {fileID: 1854581633390524862}
    knob: {fileID: 0}
    tubes: []
  - connectionType: 29
    quadrants: 0
    index: 73
    flags: 1
    field: {fileID: 1854581633390524862}
    knob: {fileID: 0}
    tubes: []
  - connectionType: 29
    quadrants: 0
    index: 74
    flags: 1
    field: {fileID: 1854581633390524862}
    knob: {fileID: 0}
    tubes: []
  - connectionType: 29
    quadrants: 0
    index: 75
    flags: 1
    field: {fileID: 1854581633390524862}
    knob: {fileID: 0}
    tubes: []
  - connectionType: 1
    quadrants: 4
    index: 76
    flags: 4
    field: {fileID: 1854581633390524862}
    knob: {fileID: 0}
    tubes: []
  - connectionType: 29
    quadrants: 0
    index: 77
    flags: 1
    field: {fileID: 1854581633390524862}
    knob: {fileID: 0}
    tubes: []
  - connectionType: 29
    quadrants: 0
    index: 78
    flags: 1
    field: {fileID: 1854581633390524862}
    knob: {fileID: 0}
    tubes: []
  - connectionType: 29
    quadrants: 0
    index: 79
    flags: 1
    field: {fileID: 1854581633390524862}
    knob: {fileID: 0}
    tubes: []
  - connectionType: 29
    quadrants: 0
    index: 80
    flags: 1
    field: {fileID: 1854581633390524862}
    knob: {fileID: 0}
    tubes: []
  - connectionType: 29
    quadrants: 0
    index: 81
    flags: 1
    field: {fileID: 1854581633390524862}
    knob: {fileID: 0}
    tubes: []
  - connectionType: 29
    quadrants: 0
    index: 82
    flags: 1
    field: {fileID: 1854581633390524862}
    knob: {fileID: 0}
    tubes: []
  - connectionType: 29
    quadrants: 0
    index: 83
    flags: 1
    field: {fileID: 1854581633390524862}
    knob: {fileID: 0}
    tubes: []
  - connectionType: 29
    quadrants: 0
    index: 84
    flags: 1
    field: {fileID: 1854581633390524862}
    knob: {fileID: 0}
    tubes: []
  - connectionType: 29
    quadrants: 0
    index: 85
    flags: 1
    field: {fileID: 1854581633390524862}
    knob: {fileID: 0}
    tubes: []
  - connectionType: 29
    quadrants: 0
    index: 86
    flags: 1
    field: {fileID: 1854581633390524862}
    knob: {fileID: 0}
    tubes: []
  - connectionType: 29
    quadrants: 0
    index: 87
    flags: 1
    field: {fileID: 1854581633390524862}
    knob: {fileID: 0}
    tubes: []
  - connectionType: 29
    quadrants: 0
    index: 88
    flags: 1
    field: {fileID: 1854581633390524862}
    knob: {fileID: 0}
    tubes: []
  - connectionType: 29
    quadrants: 0
    index: 89
    flags: 1
    field: {fileID: 1854581633390524862}
    knob: {fileID: 0}
    tubes: []
  - connectionType: 29
    quadrants: 0
    index: 90
    flags: 1
    field: {fileID: 1854581633390524862}
    knob: {fileID: 0}
    tubes: []
  - connectionType: 29
    quadrants: 0
    index: 91
    flags: 1
    field: {fileID: 1854581633390524862}
    knob: {fileID: 0}
    tubes: []
  - connectionType: 1
    quadrants: 4
    index: 92
    flags: 4
    field: {fileID: 1854581633390524862}
    knob: {fileID: 0}
    tubes: []
  - connectionType: 29
    quadrants: 0
    index: 93
    flags: 1
    field: {fileID: 1854581633390524862}
    knob: {fileID: 0}
    tubes: []
  - connectionType: 29
    quadrants: 0
    index: 94
    flags: 1
    field: {fileID: 1854581633390524862}
    knob: {fileID: 0}
    tubes: []
  - connectionType: 29
    quadrants: 0
    index: 95
    flags: 1
    field: {fileID: 1854581633390524862}
    knob: {fileID: 0}
    tubes: []
  - connectionType: 29
    quadrants: 0
    index: 96
    flags: 1
    field: {fileID: 1854581633390524862}
    knob: {fileID: 0}
    tubes: []
  - connectionType: 29
    quadrants: 0
    index: 97
    flags: 1
    field: {fileID: 1854581633390524862}
    knob: {fileID: 0}
    tubes: []
  - connectionType: 1
    quadrants: 4
    index: 98
    flags: 4
    field: {fileID: 1854581633390524862}
    knob: {fileID: 0}
    tubes: []
  - connectionType: 29
    quadrants: 0
    index: 99
    flags: 1
    field: {fileID: 1854581633390524862}
    knob: {fileID: 0}
    tubes: []
  - connectionType: 1
    quadrants: 4
    index: 100
    flags: 4
    field: {fileID: 1854581633390524862}
    knob: {fileID: 0}
    tubes: []
  - connectionType: 29
    quadrants: 0
    index: 101
    flags: 1
    field: {fileID: 1854581633390524862}
    knob: {fileID: 0}
    tubes: []
  - connectionType: 29
    quadrants: 0
    index: 102
    flags: 1
    field: {fileID: 1854581633390524862}
    knob: {fileID: 0}
    tubes: []
  - connectionType: 29
    quadrants: 0
    index: 103
    flags: 1
    field: {fileID: 1854581633390524862}
    knob: {fileID: 0}
    tubes: []
  - connectionType: 29
    quadrants: 0
    index: 104
    flags: 1
    field: {fileID: 1854581633390524862}
    knob: {fileID: 0}
    tubes: []
  - connectionType: 29
    quadrants: 0
    index: 105
    flags: 1
    field: {fileID: 1854581633390524862}
    knob: {fileID: 0}
    tubes: []
  - connectionType: 29
    quadrants: 0
    index: 106
    flags: 1
    field: {fileID: 1854581633390524862}
    knob: {fileID: 0}
    tubes: []
  - connectionType: 29
    quadrants: 0
    index: 107
    flags: 1
    field: {fileID: 1854581633390524862}
    knob: {fileID: 0}
    tubes: []
  - connectionType: 29
    quadrants: 0
    index: 108
    flags: 1
    field: {fileID: 1854581633390524862}
    knob: {fileID: 0}
    tubes: []
  - connectionType: 29
    quadrants: 0
    index: 109
    flags: 1
    field: {fileID: 1854581633390524862}
    knob: {fileID: 0}
    tubes: []
  - connectionType: 29
    quadrants: 0
    index: 110
    flags: 1
    field: {fileID: 1854581633390524862}
    knob: {fileID: 0}
    tubes: []
  - connectionType: 29
    quadrants: 0
    index: 111
    flags: 1
    field: {fileID: 1854581633390524862}
    knob: {fileID: 0}
    tubes: []
  - connectionType: 29
    quadrants: 0
    index: 112
    flags: 1
    field: {fileID: 1854581633390524862}
    knob: {fileID: 0}
    tubes: []
  - connectionType: 29
    quadrants: 0
    index: 113
    flags: 1
    field: {fileID: 1854581633390524862}
    knob: {fileID: 0}
    tubes: []
  - connectionType: 29
    quadrants: 0
    index: 114
    flags: 1
    field: {fileID: 1854581633390524862}
    knob: {fileID: 0}
    tubes: []
  - connectionType: 29
    quadrants: 0
    index: 115
    flags: 1
    field: {fileID: 1854581633390524862}
    knob: {fileID: 0}
    tubes: []
  - connectionType: 29
    quadrants: 0
    index: 116
    flags: 1
    field: {fileID: 1854581633390524862}
    knob: {fileID: 0}
    tubes: []
  - connectionType: 29
    quadrants: 0
    index: 117
    flags: 1
    field: {fileID: 1854581633390524862}
    knob: {fileID: 0}
    tubes: []
  - connectionType: 1
    quadrants: 4
    index: 118
    flags: 4
    field: {fileID: 1854581633390524862}
    knob: {fileID: 0}
    tubes: []
  - connectionType: 29
    quadrants: 0
    index: 119
    flags: 1
    field: {fileID: 1854581633390524862}
    knob: {fileID: 0}
    tubes: []
  - connectionType: 1
    quadrants: 4
    index: 120
    flags: 4
    field: {fileID: 1854581633390524862}
    knob: {fileID: 0}
    tubes: []
  - connectionType: 29
    quadrants: 0
    index: 121
    flags: 1
    field: {fileID: 1854581633390524862}
    knob: {fileID: 0}
    tubes: []
  - connectionType: 1
    quadrants: 4
    index: 122
    flags: 4
    field: {fileID: 1854581633390524862}
    knob: {fileID: 0}
    tubes: []
  - connectionType: 29
    quadrants: 0
    index: 123
    flags: 1
    field: {fileID: 1854581633390524862}
    knob: {fileID: 0}
    tubes: []
  - connectionType: 29
    quadrants: 0
    index: 124
    flags: 1
    field: {fileID: 1854581633390524862}
    knob: {fileID: 0}
    tubes: []
  - connectionType: 29
    quadrants: 0
    index: 125
    flags: 1
    field: {fileID: 1854581633390524862}
    knob: {fileID: 0}
    tubes: []
  - connectionType: 29
    quadrants: 0
    index: 126
    flags: 1
    field: {fileID: 1854581633390524862}
    knob: {fileID: 0}
    tubes: []
  - connectionType: 29
    quadrants: 0
    index: 127
    flags: 1
    field: {fileID: 1854581633390524862}
    knob: {fileID: 0}
    tubes: []
  - connectionType: 29
    quadrants: 0
    index: 128
    flags: 1
    field: {fileID: 1854581633390524862}
    knob: {fileID: 0}
    tubes: []
  - connectionType: 29
    quadrants: 0
    index: 129
    flags: 1
    field: {fileID: 1854581633390524862}
    knob: {fileID: 0}
    tubes: []
  - connectionType: 29
    quadrants: 0
    index: 130
    flags: 1
    field: {fileID: 1854581633390524862}
    knob: {fileID: 0}
    tubes: []
  - connectionType: 29
    quadrants: 0
    index: 131
    flags: 1
    field: {fileID: 1854581633390524862}
    knob: {fileID: 0}
    tubes: []
  - connectionType: 29
    quadrants: 0
    index: 132
    flags: 1
    field: {fileID: 1854581633390524862}
    knob: {fileID: 0}
    tubes: []
  - connectionType: 29
    quadrants: 0
    index: 133
    flags: 1
    field: {fileID: 1854581633390524862}
    knob: {fileID: 0}
    tubes: []
  - connectionType: 29
    quadrants: 0
    index: 134
    flags: 1
    field: {fileID: 1854581633390524862}
    knob: {fileID: 0}
    tubes: []
  - connectionType: 29
    quadrants: 0
    index: 135
    flags: 1
    field: {fileID: 1854581633390524862}
    knob: {fileID: 0}
    tubes: []
  - connectionType: 29
    quadrants: 0
    index: 136
    flags: 1
    field: {fileID: 1854581633390524862}
    knob: {fileID: 0}
    tubes: []
  - connectionType: 29
    quadrants: 0
    index: 137
    flags: 1
    field: {fileID: 1854581633390524862}
    knob: {fileID: 0}
    tubes: []
  - connectionType: 29
    quadrants: 0
    index: 138
    flags: 1
    field: {fileID: 1854581633390524862}
    knob: {fileID: 0}
    tubes: []
  - connectionType: 29
    quadrants: 0
    index: 139
    flags: 1
    field: {fileID: 1854581633390524862}
    knob: {fileID: 0}
    tubes: []
  - connectionType: 29
    quadrants: 0
    index: 140
    flags: 1
    field: {fileID: 1854581633390524862}
    knob: {fileID: 0}
    tubes: []
  - connectionType: 29
    quadrants: 0
    index: 141
    flags: 1
    field: {fileID: 1854581633390524862}
    knob: {fileID: 0}
    tubes: []
  - connectionType: 29
    quadrants: 0
    index: 142
    flags: 1
    field: {fileID: 1854581633390524862}
    knob: {fileID: 0}
    tubes: []
  connectivity: {fileID: 8492564712343549271}
  connected: 
  connectableConnections: 14
  connectedTo:
  - field: {fileID: 0}
    indexOfConnection: 0
  - field: {fileID: 0}
    indexOfConnection: 0
  - field: {fileID: 0}
    indexOfConnection: 0
  - field: {fileID: 0}
    indexOfConnection: 0
  - field: {fileID: 0}
    indexOfConnection: 0
  - field: {fileID: 0}
    indexOfConnection: 0
  - field: {fileID: 0}
    indexOfConnection: 0
  - field: {fileID: 0}
    indexOfConnection: 0
  - field: {fileID: 0}
    indexOfConnection: 0
  - field: {fileID: 0}
    indexOfConnection: 0
  - field: {fileID: 0}
    indexOfConnection: 0
  - field: {fileID: 0}
    indexOfConnection: 0
  - field: {fileID: 0}
    indexOfConnection: 0
  - field: {fileID: 0}
    indexOfConnection: 0
  - field: {fileID: 0}
    indexOfConnection: 0
  - field: {fileID: 0}
    indexOfConnection: 0
  - field: {fileID: 0}
    indexOfConnection: 0
  - field: {fileID: 0}
    indexOfConnection: 0
  - field: {fileID: 0}
    indexOfConnection: 0
  - field: {fileID: 0}
    indexOfConnection: 0
  - field: {fileID: 0}
    indexOfConnection: 0
  - field: {fileID: 0}
    indexOfConnection: 0
  - field: {fileID: 0}
    indexOfConnection: 0
  - field: {fileID: 0}
    indexOfConnection: 0
  - field: {fileID: 0}
    indexOfConnection: 0
  - field: {fileID: 0}
    indexOfConnection: 0
  - field: {fileID: 0}
    indexOfConnection: 0
  - field: {fileID: 0}
    indexOfConnection: 0
  - field: {fileID: 0}
    indexOfConnection: 0
  - field: {fileID: 0}
    indexOfConnection: 0
  - field: {fileID: 0}
    indexOfConnection: 0
  - field: {fileID: 0}
    indexOfConnection: 0
  - field: {fileID: 0}
    indexOfConnection: 0
  - field: {fileID: 0}
    indexOfConnection: 0
  - field: {fileID: 0}
    indexOfConnection: 0
  - field: {fileID: 0}
    indexOfConnection: 0
  - field: {fileID: 0}
    indexOfConnection: 0
  - field: {fileID: 0}
    indexOfConnection: 0
  - field: {fileID: 0}
    indexOfConnection: 0
  - field: {fileID: 0}
    indexOfConnection: 0
  - field: {fileID: 0}
    indexOfConnection: 0
  - field: {fileID: 0}
    indexOfConnection: 0
  - field: {fileID: 0}
    indexOfConnection: 0
  - field: {fileID: 0}
    indexOfConnection: 0
  - field: {fileID: 0}
    indexOfConnection: 0
  - field: {fileID: 0}
    indexOfConnection: 0
  - field: {fileID: 0}
    indexOfConnection: 0
  - field: {fileID: 0}
    indexOfConnection: 0
  - field: {fileID: 0}
    indexOfConnection: 0
  - field: {fileID: 0}
    indexOfConnection: 0
  - field: {fileID: 0}
    indexOfConnection: 0
  - field: {fileID: 0}
    indexOfConnection: 0
  - field: {fileID: 0}
    indexOfConnection: 0
  - field: {fileID: 0}
    indexOfConnection: 0
  - field: {fileID: 0}
    indexOfConnection: 0
  - field: {fileID: 0}
    indexOfConnection: 0
  - field: {fileID: 0}
    indexOfConnection: 0
  - field: {fileID: 0}
    indexOfConnection: 0
  - field: {fileID: 0}
    indexOfConnection: 0
  - field: {fileID: 0}
    indexOfConnection: 0
  - field: {fileID: 0}
    indexOfConnection: 0
  - field: {fileID: 0}
    indexOfConnection: 0
  - field: {fileID: 0}
    indexOfConnection: 0
  - field: {fileID: 0}
    indexOfConnection: 0
  - field: {fileID: 0}
    indexOfConnection: 0
  - field: {fileID: 0}
    indexOfConnection: 0
  - field: {fileID: 0}
    indexOfConnection: 0
  - field: {fileID: 0}
    indexOfConnection: 0
  - field: {fileID: 0}
    indexOfConnection: 0
  - field: {fileID: 0}
    indexOfConnection: 0
  - field: {fileID: 0}
    indexOfConnection: 0
  - field: {fileID: 0}
    indexOfConnection: 0
  - field: {fileID: 0}
    indexOfConnection: 0
  - field: {fileID: 0}
    indexOfConnection: 0
  - field: {fileID: 0}
    indexOfConnection: 0
  - field: {fileID: 0}
    indexOfConnection: 0
  - field: {fileID: 0}
    indexOfConnection: 0
  - field: {fileID: 0}
    indexOfConnection: 0
  - field: {fileID: 0}
    indexOfConnection: 0
  - field: {fileID: 0}
    indexOfConnection: 0
  - field: {fileID: 0}
    indexOfConnection: 0
  - field: {fileID: 0}
    indexOfConnection: 0
  - field: {fileID: 0}
    indexOfConnection: 0
  - field: {fileID: 0}
    indexOfConnection: 0
  - field: {fileID: 0}
    indexOfConnection: 0
  - field: {fileID: 0}
    indexOfConnection: 0
  - field: {fileID: 0}
    indexOfConnection: 0
  - field: {fileID: 0}
    indexOfConnection: 0
  - field: {fileID: 0}
    indexOfConnection: 0
  - field: {fileID: 0}
    indexOfConnection: 0
  - field: {fileID: 0}
    indexOfConnection: 0
  - field: {fileID: 0}
    indexOfConnection: 0
  - field: {fileID: 0}
    indexOfConnection: 0
  - field: {fileID: 0}
    indexOfConnection: 0
  - field: {fileID: 0}
    indexOfConnection: 0
  - field: {fileID: 0}
    indexOfConnection: 0
  - field: {fileID: 0}
    indexOfConnection: 0
  - field: {fileID: 0}
    indexOfConnection: 0
  - field: {fileID: 0}
    indexOfConnection: 0
  - field: {fileID: 0}
    indexOfConnection: 0
  - field: {fileID: 0}
    indexOfConnection: 0
  - field: {fileID: 0}
    indexOfConnection: 0
  - field: {fileID: 0}
    indexOfConnection: 0
  - field: {fileID: 0}
    indexOfConnection: 0
  - field: {fileID: 0}
    indexOfConnection: 0
  - field: {fileID: 0}
    indexOfConnection: 0
  - field: {fileID: 0}
    indexOfConnection: 0
  - field: {fileID: 0}
    indexOfConnection: 0
  - field: {fileID: 0}
    indexOfConnection: 0
  - field: {fileID: 0}
    indexOfConnection: 0
  - field: {fileID: 0}
    indexOfConnection: 0
  - field: {fileID: 0}
    indexOfConnection: 0
  - field: {fileID: 0}
    indexOfConnection: 0
  - field: {fileID: 0}
    indexOfConnection: 0
  - field: {fileID: 0}
    indexOfConnection: 0
  - field: {fileID: 0}
    indexOfConnection: 0
  - field: {fileID: 0}
    indexOfConnection: 0
  - field: {fileID: 0}
    indexOfConnection: 0
  - field: {fileID: 0}
    indexOfConnection: 0
  - field: {fileID: 0}
    indexOfConnection: 0
  - field: {fileID: 0}
    indexOfConnection: 0
  - field: {fileID: 0}
    indexOfConnection: 0
  - field: {fileID: 0}
    indexOfConnection: 0
  - field: {fileID: 0}
    indexOfConnection: 0
  - field: {fileID: 0}
    indexOfConnection: 0
  - field: {fileID: 0}
    indexOfConnection: 0
  - field: {fileID: 0}
    indexOfConnection: 0
  - field: {fileID: 0}
    indexOfConnection: 0
  - field: {fileID: 0}
    indexOfConnection: 0
  - field: {fileID: 0}
    indexOfConnection: 0
  - field: {fileID: 0}
    indexOfConnection: 0
  - field: {fileID: 0}
    indexOfConnection: 0
  - field: {fileID: 0}
    indexOfConnection: 0
  - field: {fileID: 0}
    indexOfConnection: 0
  - field: {fileID: 0}
    indexOfConnection: 0
  - field: {fileID: 0}
    indexOfConnection: 0
  - field: {fileID: 0}
    indexOfConnection: 0
  - field: {fileID: 0}
    indexOfConnection: 0
  - field: {fileID: 0}
    indexOfConnection: 0
  - field: {fileID: 0}
    indexOfConnection: 0
  - field: {fileID: 0}
    indexOfConnection: 0
  - field: {fileID: 0}
    indexOfConnection: 0
  - field: {fileID: 0}
    indexOfConnection: 0
--- !u!65 &918495677157544404
BoxCollider:
  m_ObjectHideFlags: 0
  m_CorrespondingSourceObject: {fileID: 0}
  m_PrefabInstance: {fileID: 0}
  m_PrefabAsset: {fileID: 0}
  m_GameObject: {fileID: 6875003657177136828}
  m_Material: {fileID: 0}
  m_IsTrigger: 1
  m_Enabled: 1
  serializedVersion: 2
  m_Size: {x: 5.2, y: 0.1, z: 4.3999996}
  m_Center: {x: -2.3999999, y: 0, z: 1.9999998}
--- !u!1 &7239380056269501869
GameObject:
  m_ObjectHideFlags: 0
  m_CorrespondingSourceObject: {fileID: 0}
  m_PrefabInstance: {fileID: 0}
  m_PrefabAsset: {fileID: 0}
  serializedVersion: 6
  m_Component:
  - component: {fileID: 4506933660879772428}
  - component: {fileID: 8492564712343549271}
  m_Layer: 0
  m_Name: 2417
  m_TagString: Untagged
  m_Icon: {fileID: 0}
  m_NavMeshLayer: 0
  m_StaticEditorFlags: 0
  m_IsActive: 1
--- !u!4 &4506933660879772428
Transform:
  m_ObjectHideFlags: 0
  m_CorrespondingSourceObject: {fileID: 0}
  m_PrefabInstance: {fileID: 0}
  m_PrefabAsset: {fileID: 0}
  m_GameObject: {fileID: 7239380056269501869}
  m_LocalRotation: {x: 0, y: 0, z: 0, w: 1}
  m_LocalPosition: {x: 0, y: 0, z: 0}
  m_LocalScale: {x: 1, y: 1, z: 1}
  m_Children:
  - {fileID: 3984072237867545764}
  - {fileID: 8277565268850923007}
  - {fileID: 2052836372848468569}
  - {fileID: 1409260553336557657}
  - {fileID: 1406825916477411158}
  - {fileID: 1780625739041495006}
  - {fileID: 541199540618630564}
  m_Father: {fileID: 0}
  m_RootOrder: 0
  m_LocalEulerAnglesHint: {x: 0, y: 0, z: 0}
--- !u!114 &8492564712343549271
MonoBehaviour:
  m_ObjectHideFlags: 0
  m_CorrespondingSourceObject: {fileID: 0}
  m_PrefabInstance: {fileID: 0}
  m_PrefabAsset: {fileID: 0}
  m_GameObject: {fileID: 7239380056269501869}
  m_Enabled: 1
  m_EditorHideFlags: 0
  m_Script: {fileID: 11500000, guid: deb893d6bf2c95a45938bd55b2e051a8, type: 3}
  m_Name: 
  m_EditorClassIdentifier: 
  version: 1
  part: {fileID: 0}
  extents:
    m_Center: {x: -1.9999999, y: 0.249, z: -1.6}
    m_Extent: {x: -2.33, y: 0.249, z: 1.93}
  connectionFields:
  - {fileID: 1854581633390524862}
  - {fileID: 2299543336133862217}
  - {fileID: 424418917189510500}
  - {fileID: 8987987596630503591}
  - {fileID: 2532883957792277248}
  - {fileID: 2846478585534896651}
  - {fileID: 9097376042282487060}
--- !u!1 &8088163147279743279
GameObject:
  m_ObjectHideFlags: 0
  m_CorrespondingSourceObject: {fileID: 0}
  m_PrefabInstance: {fileID: 0}
  m_PrefabAsset: {fileID: 0}
  serializedVersion: 6
  m_Component:
  - component: {fileID: 1406825916477411158}
  - component: {fileID: 2532883957792277248}
  - component: {fileID: 1350748025459009170}
  m_Layer: 12
  m_Name: Custom2DField
  m_TagString: Untagged
  m_Icon: {fileID: 0}
  m_NavMeshLayer: 0
  m_StaticEditorFlags: 0
  m_IsActive: 1
--- !u!4 &1406825916477411158
Transform:
  m_ObjectHideFlags: 0
  m_CorrespondingSourceObject: {fileID: 0}
  m_PrefabInstance: {fileID: 0}
  m_PrefabAsset: {fileID: 0}
  m_GameObject: {fileID: 8088163147279743279}
  m_LocalRotation: {x: -0, y: -0, z: -0, w: 1}
  m_LocalPosition: {x: -1.2, y: 0, z: -3.6}
  m_LocalScale: {x: 1, y: 1, z: 1}
  m_Children: []
  m_Father: {fileID: 4506933660879772428}
  m_RootOrder: 4
  m_LocalEulerAnglesHint: {x: 0, y: 0, z: 0}
--- !u!114 &2532883957792277248
MonoBehaviour:
  m_ObjectHideFlags: 0
  m_CorrespondingSourceObject: {fileID: 0}
  m_PrefabInstance: {fileID: 0}
  m_PrefabAsset: {fileID: 0}
  m_GameObject: {fileID: 8088163147279743279}
  m_Enabled: 1
  m_EditorHideFlags: 0
  m_Script: {fileID: 11500000, guid: 616267e32080e4b8dac3ff19dbc8c958, type: 3}
  m_Name: 
  m_EditorClassIdentifier: 
  gridSize: {x: 2, y: 2}
  fieldType: 0
  kind: 1
  connections:
  - connectionType: 29
    quadrants: 0
    index: 0
    flags: 0
    field: {fileID: 2532883957792277248}
    knob: {fileID: 0}
    tubes: []
  - connectionType: 29
    quadrants: 0
    index: 1
    flags: 0
    field: {fileID: 2532883957792277248}
    knob: {fileID: 0}
    tubes: []
  - connectionType: 29
    quadrants: 0
    index: 2
    flags: 0
    field: {fileID: 2532883957792277248}
    knob: {fileID: 0}
    tubes: []
  - connectionType: 29
    quadrants: 0
    index: 3
    flags: 0
    field: {fileID: 2532883957792277248}
    knob: {fileID: 0}
    tubes: []
  - connectionType: 5
    quadrants: 4
    index: 4
    flags: 32
    field: {fileID: 2532883957792277248}
    knob: {fileID: 0}
    tubes: []
  - connectionType: 29
    quadrants: 0
    index: 5
    flags: 0
    field: {fileID: 2532883957792277248}
    knob: {fileID: 0}
    tubes: []
  - connectionType: 29
    quadrants: 0
    index: 6
    flags: 0
    field: {fileID: 2532883957792277248}
    knob: {fileID: 0}
    tubes: []
  - connectionType: 29
    quadrants: 0
    index: 7
    flags: 0
    field: {fileID: 2532883957792277248}
    knob: {fileID: 0}
    tubes: []
  - connectionType: 29
    quadrants: 0
    index: 8
    flags: 0
    field: {fileID: 2532883957792277248}
    knob: {fileID: 0}
    tubes: []
  connectivity: {fileID: 8492564712343549271}
  connected: 
  connectableConnections: 1
  connectedTo:
  - field: {fileID: 0}
    indexOfConnection: 0
  - field: {fileID: 0}
    indexOfConnection: 0
  - field: {fileID: 0}
    indexOfConnection: 0
  - field: {fileID: 0}
    indexOfConnection: 0
  - field: {fileID: 0}
    indexOfConnection: 0
  - field: {fileID: 0}
    indexOfConnection: 0
  - field: {fileID: 0}
    indexOfConnection: 0
  - field: {fileID: 0}
    indexOfConnection: 0
  - field: {fileID: 0}
    indexOfConnection: 0
--- !u!65 &1350748025459009170
BoxCollider:
  m_ObjectHideFlags: 0
  m_CorrespondingSourceObject: {fileID: 0}
  m_PrefabInstance: {fileID: 0}
  m_PrefabAsset: {fileID: 0}
  m_GameObject: {fileID: 8088163147279743279}
  m_Material: {fileID: 0}
  m_IsTrigger: 1
  m_Enabled: 1
  serializedVersion: 2
  m_Size: {x: 1.1999999, y: 0.1, z: 1.1999999}
  m_Center: {x: -0.39999998, y: 0, z: 0.39999998}
--- !u!1 &8975420471516039150
GameObject:
  m_ObjectHideFlags: 0
  m_CorrespondingSourceObject: {fileID: 0}
  m_PrefabInstance: {fileID: 0}
  m_PrefabAsset: {fileID: 0}
  serializedVersion: 6
  m_Component:
  - component: {fileID: 2052836372848468569}
  - component: {fileID: 424418917189510500}
  - component: {fileID: 6818239383720513976}
  m_Layer: 12
  m_Name: Custom2DField
  m_TagString: Untagged
  m_Icon: {fileID: 0}
  m_NavMeshLayer: 0
  m_StaticEditorFlags: 0
  m_IsActive: 1
--- !u!4 &2052836372848468569
Transform:
  m_ObjectHideFlags: 0
  m_CorrespondingSourceObject: {fileID: 0}
  m_PrefabInstance: {fileID: 0}
  m_PrefabAsset: {fileID: 0}
  m_GameObject: {fileID: 8975420471516039150}
  m_LocalRotation: {x: -0, y: -0, z: -0, w: 1}
  m_LocalPosition: {x: -1.2, y: 0, z: -0.4}
  m_LocalScale: {x: 1, y: 1, z: 1}
  m_Children: []
  m_Father: {fileID: 4506933660879772428}
  m_RootOrder: 2
  m_LocalEulerAnglesHint: {x: 0, y: 0, z: 0}
--- !u!114 &424418917189510500
MonoBehaviour:
  m_ObjectHideFlags: 0
  m_CorrespondingSourceObject: {fileID: 0}
  m_PrefabInstance: {fileID: 0}
  m_PrefabAsset: {fileID: 0}
  m_GameObject: {fileID: 8975420471516039150}
  m_Enabled: 1
  m_EditorHideFlags: 0
  m_Script: {fileID: 11500000, guid: 616267e32080e4b8dac3ff19dbc8c958, type: 3}
  m_Name: 
  m_EditorClassIdentifier: 
  gridSize: {x: 2, y: 2}
  fieldType: 0
  kind: 1
  connections:
  - connectionType: 29
    quadrants: 0
    index: 0
    flags: 0
    field: {fileID: 424418917189510500}
    knob: {fileID: 0}
    tubes: []
  - connectionType: 29
    quadrants: 0
    index: 1
    flags: 0
    field: {fileID: 424418917189510500}
    knob: {fileID: 0}
    tubes: []
  - connectionType: 29
    quadrants: 0
    index: 2
    flags: 0
    field: {fileID: 424418917189510500}
    knob: {fileID: 0}
    tubes: []
  - connectionType: 29
    quadrants: 0
    index: 3
    flags: 0
    field: {fileID: 424418917189510500}
    knob: {fileID: 0}
    tubes: []
  - connectionType: 5
    quadrants: 4
    index: 4
    flags: 32
    field: {fileID: 424418917189510500}
    knob: {fileID: 0}
    tubes: []
  - connectionType: 29
    quadrants: 0
    index: 5
    flags: 0
    field: {fileID: 424418917189510500}
    knob: {fileID: 0}
    tubes: []
  - connectionType: 29
    quadrants: 0
    index: 6
    flags: 0
    field: {fileID: 424418917189510500}
    knob: {fileID: 0}
    tubes: []
  - connectionType: 29
    quadrants: 0
    index: 7
    flags: 0
    field: {fileID: 424418917189510500}
    knob: {fileID: 0}
    tubes: []
  - connectionType: 29
    quadrants: 0
    index: 8
    flags: 0
    field: {fileID: 424418917189510500}
    knob: {fileID: 0}
    tubes: []
  connectivity: {fileID: 8492564712343549271}
  connected: 
  connectableConnections: 1
  connectedTo:
  - field: {fileID: 0}
    indexOfConnection: 0
  - field: {fileID: 0}
    indexOfConnection: 0
  - field: {fileID: 0}
    indexOfConnection: 0
  - field: {fileID: 0}
    indexOfConnection: 0
  - field: {fileID: 0}
    indexOfConnection: 0
  - field: {fileID: 0}
    indexOfConnection: 0
  - field: {fileID: 0}
    indexOfConnection: 0
  - field: {fileID: 0}
    indexOfConnection: 0
  - field: {fileID: 0}
    indexOfConnection: 0
--- !u!65 &6818239383720513976
BoxCollider:
  m_ObjectHideFlags: 0
  m_CorrespondingSourceObject: {fileID: 0}
  m_PrefabInstance: {fileID: 0}
  m_PrefabAsset: {fileID: 0}
  m_GameObject: {fileID: 8975420471516039150}
  m_Material: {fileID: 0}
  m_IsTrigger: 1
  m_Enabled: 1
  serializedVersion: 2
  m_Size: {x: 1.1999999, y: 0.1, z: 1.1999999}
  m_Center: {x: -0.39999998, y: 0, z: 0.39999998}
