%YAML 1.1
%TAG !u! tag:unity3d.com,2011:
--- !u!1 &4084003253327819315
GameObject:
  m_ObjectHideFlags: 0
  m_CorrespondingSourceObject: {fileID: 0}
  m_PrefabInstance: {fileID: 0}
  m_PrefabAsset: {fileID: 0}
  serializedVersion: 6
  m_Component:
  - component: {fileID: 6263984886974337484}
  - component: {fileID: 4620832947188705352}
  m_Layer: 0
  m_Name: 25269
  m_TagString: Untagged
  m_Icon: {fileID: 0}
  m_NavMeshLayer: 0
  m_StaticEditorFlags: 0
  m_IsActive: 1
--- !u!4 &6263984886974337484
Transform:
  m_ObjectHideFlags: 0
  m_CorrespondingSourceObject: {fileID: 0}
  m_PrefabInstance: {fileID: 0}
  m_PrefabAsset: {fileID: 0}
  m_GameObject: {fileID: 4084003253327819315}
  m_LocalRotation: {x: 0, y: 0, z: 0, w: 1}
  m_LocalPosition: {x: 0, y: 0, z: 0}
  m_LocalScale: {x: 1, y: 1, z: 1}
  m_Children:
  - {fileID: 1392729655111441140}
  m_Father: {fileID: 0}
  m_RootOrder: 0
  m_LocalEulerAnglesHint: {x: 0, y: 0, z: 0}
--- !u!114 &4620832947188705352
MonoBehaviour:
  m_ObjectHideFlags: 0
  m_CorrespondingSourceObject: {fileID: 0}
  m_PrefabInstance: {fileID: 0}
  m_PrefabAsset: {fileID: 0}
  m_GameObject: {fileID: 4084003253327819315}
  m_Enabled: 1
  m_EditorHideFlags: 0
  m_Script: {fileID: 11500000, guid: deb893d6bf2c95a45938bd55b2e051a8, type: 3}
  m_Name: 
  m_EditorClassIdentifier: 
  version: 1
  part: {fileID: 0}
  extents:
    m_Center: {x: 0, y: 0.159982, z: 0}
    m_Extent: {x: -0.4, y: 0.160018, z: 0.4}
  connectionFields:
  - {fileID: 4579178010795370482}
--- !u!1 &7564862134015290853
GameObject:
  m_ObjectHideFlags: 0
  m_CorrespondingSourceObject: {fileID: 0}
  m_PrefabInstance: {fileID: 0}
  m_PrefabAsset: {fileID: 0}
  serializedVersion: 6
  m_Component:
  - component: {fileID: 1392729655111441140}
  - component: {fileID: 4579178010795370482}
  - component: {fileID: 2603758790614696153}
  m_Layer: 12
  m_Name: Custom2DField
  m_TagString: Untagged
  m_Icon: {fileID: 0}
  m_NavMeshLayer: 0
  m_StaticEditorFlags: 0
  m_IsActive: 1
--- !u!4 &1392729655111441140
Transform:
  m_ObjectHideFlags: 0
  m_CorrespondingSourceObject: {fileID: 0}
  m_PrefabInstance: {fileID: 0}
  m_PrefabAsset: {fileID: 0}
  m_GameObject: {fileID: 7564862134015290853}
  m_LocalRotation: {x: -0, y: -0, z: -0, w: 1}
  m_LocalPosition: {x: 0.4, y: 0, z: -0.4}
  m_LocalScale: {x: 1, y: 1, z: 1}
  m_Children: []
  m_Father: {fileID: 6263984886974337484}
  m_RootOrder: 0
  m_LocalEulerAnglesHint: {x: 0, y: 0, z: 0}
--- !u!114 &4579178010795370482
MonoBehaviour:
  m_ObjectHideFlags: 0
  m_CorrespondingSourceObject: {fileID: 0}
  m_PrefabInstance: {fileID: 0}
  m_PrefabAsset: {fileID: 0}
  m_GameObject: {fileID: 7564862134015290853}
  m_Enabled: 1
  m_EditorHideFlags: 0
  m_Script: {fileID: 11500000, guid: 616267e32080e4b8dac3ff19dbc8c958, type: 3}
  m_Name: 
  m_EditorClassIdentifier: 
  gridSize: {x: 2, y: 2}
  fieldType: 0
  kind: 1
  connections:
  - connectionType: 22
    quadrants: 1
    index: 0
    flags: 1
    field: {fileID: 4579178010795370482}
    knob: {fileID: 0}
    tubes: []
  - connectionType: 22
    quadrants: 2
    index: 1
    flags: 1
    field: {fileID: 4579178010795370482}
    knob: {fileID: 0}
    tubes: []
  - connectionType: 22
    quadrants: 1
    index: 2
    flags: 1
    field: {fileID: 4579178010795370482}
    knob: {fileID: 0}
    tubes: []
  - connectionType: 22
    quadrants: 2
    index: 3
    flags: 1
    field: {fileID: 4579178010795370482}
    knob: {fileID: 0}
    tubes: []
  - connectionType: 15
    quadrants: 4
    index: 4
    flags: 1
    field: {fileID: 4579178010795370482}
    knob: {fileID: 0}
    tubes: []
  - connectionType: 22
    quadrants: 2
    index: 5
    flags: 1
    field: {fileID: 4579178010795370482}
    knob: {fileID: 0}
    tubes: []
  - connectionType: 29
    quadrants: 0
    index: 6
    flags: 1
    field: {fileID: 4579178010795370482}
    knob: {fileID: 0}
    tubes: []
  - connectionType: 22
    quadrants: 2
    index: 7
    flags: 1
    field: {fileID: 4579178010795370482}
    knob: {fileID: 0}
    tubes: []
  - connectionType: 22
    quadrants: 1
    index: 8
    flags: 1
    field: {fileID: 4579178010795370482}
    knob: {fileID: 0}
    tubes: []
  connectivity: {fileID: 4620832947188705352}
  connected: 
  connectableConnections: 1
  connectedTo:
  - field: {fileID: 0}
    indexOfConnection: 0
  - field: {fileID: 0}
    indexOfConnection: 0
  - field: {fileID: 0}
    indexOfConnection: 0
  - field: {fileID: 0}
    indexOfConnection: 0
  - field: {fileID: 0}
    indexOfConnection: 0
  - field: {fileID: 0}
    indexOfConnection: 0
  - field: {fileID: 0}
    indexOfConnection: 0
  - field: {fileID: 0}
    indexOfConnection: 0
  - field: {fileID: 0}
    indexOfConnection: 0
--- !u!65 &2603758790614696153
BoxCollider:
  m_ObjectHideFlags: 0
  m_CorrespondingSourceObject: {fileID: 0}
  m_PrefabInstance: {fileID: 0}
  m_PrefabAsset: {fileID: 0}
  m_GameObject: {fileID: 7564862134015290853}
  m_Material: {fileID: 0}
  m_IsTrigger: 1
  m_Enabled: 1
  serializedVersion: 2
  m_Size: {x: 1.1999999, y: 0.1, z: 1.1999999}
  m_Center: {x: -0.39999998, y: 0, z: 0.39999998}
