%YAML 1.1
%TAG !u! tag:unity3d.com,2011:
--- !u!1 &1268342351577818434
GameObject:
  m_ObjectHideFlags: 0
  m_CorrespondingSourceObject: {fileID: 0}
  m_PrefabInstance: {fileID: 0}
  m_PrefabAsset: {fileID: 0}
  serializedVersion: 6
  m_Component:
  - component: {fileID: 3392236740738677560}
  - component: {fileID: 319529179814714594}
  - component: {fileID: 2896214711276363242}
  m_Layer: 13
  m_Name: Custom2DField
  m_TagString: Untagged
  m_Icon: {fileID: 0}
  m_NavMeshLayer: 0
  m_StaticEditorFlags: 0
  m_IsActive: 1
--- !u!4 &3392236740738677560
Transform:
  m_ObjectHideFlags: 0
  m_CorrespondingSourceObject: {fileID: 0}
  m_PrefabInstance: {fileID: 0}
  m_PrefabAsset: {fileID: 0}
  m_GameObject: {fileID: 1268342351577818434}
  m_LocalRotation: {x: -0, y: -0, z: -0, w: 1}
  m_LocalPosition: {x: 0.4, y: 0.32, z: -1.2}
  m_LocalScale: {x: 1, y: 1, z: 1}
  m_Children: []
  m_Father: {fileID: 8502879696502035295}
  m_RootOrder: 1
  m_LocalEulerAnglesHint: {x: 0, y: 0, z: 0}
--- !u!114 &319529179814714594
MonoBehaviour:
  m_ObjectHideFlags: 0
  m_CorrespondingSourceObject: {fileID: 0}
  m_PrefabInstance: {fileID: 0}
  m_PrefabAsset: {fileID: 0}
  m_GameObject: {fileID: 1268342351577818434}
  m_Enabled: 1
  m_EditorHideFlags: 0
  m_Script: {fileID: 11500000, guid: 616267e32080e4b8dac3ff19dbc8c958, type: 3}
  m_Name: 
  m_EditorClassIdentifier: 
  gridSize: {x: 16, y: 4}
  fieldType: 0
  kind: 0
  connections:
  - connectionType: 18
    quadrants: 1
    index: 0
    flags: 1
    field: {fileID: 319529179814714594}
    knob: {fileID: 0}
    tubes: []
  - connectionType: 23
    quadrants: 4
    index: 1
    flags: 1
    field: {fileID: 319529179814714594}
    knob: {fileID: 0}
    tubes: []
  - connectionType: 18
    quadrants: 2
    index: 2
    flags: 1
    field: {fileID: 319529179814714594}
    knob: {fileID: 0}
    tubes: []
  - connectionType: 23
    quadrants: 4
    index: 3
    flags: 1
    field: {fileID: 319529179814714594}
    knob: {fileID: 0}
    tubes: []
  - connectionType: 18
    quadrants: 2
    index: 4
    flags: 1
    field: {fileID: 319529179814714594}
    knob: {fileID: 0}
    tubes: []
  - connectionType: 23
    quadrants: 4
    index: 5
    flags: 1
    field: {fileID: 319529179814714594}
    knob: {fileID: 0}
    tubes: []
  - connectionType: 18
    quadrants: 2
    index: 6
    flags: 1
    field: {fileID: 319529179814714594}
    knob: {fileID: 0}
    tubes: []
  - connectionType: 23
    quadrants: 4
    index: 7
    flags: 1
    field: {fileID: 319529179814714594}
    knob: {fileID: 0}
    tubes: []
  - connectionType: 18
    quadrants: 2
    index: 8
    flags: 1
    field: {fileID: 319529179814714594}
    knob: {fileID: 0}
    tubes: []
  - connectionType: 23
    quadrants: 4
    index: 9
    flags: 1
    field: {fileID: 319529179814714594}
    knob: {fileID: 0}
    tubes: []
  - connectionType: 18
    quadrants: 2
    index: 10
    flags: 1
    field: {fileID: 319529179814714594}
    knob: {fileID: 0}
    tubes: []
  - connectionType: 23
    quadrants: 4
    index: 11
    flags: 1
    field: {fileID: 319529179814714594}
    knob: {fileID: 0}
    tubes: []
  - connectionType: 18
    quadrants: 2
    index: 12
    flags: 1
    field: {fileID: 319529179814714594}
    knob: {fileID: 0}
    tubes: []
  - connectionType: 23
    quadrants: 4
    index: 13
    flags: 1
    field: {fileID: 319529179814714594}
    knob: {fileID: 0}
    tubes: []
  - connectionType: 18
    quadrants: 2
    index: 14
    flags: 1
    field: {fileID: 319529179814714594}
    knob: {fileID: 0}
    tubes: []
  - connectionType: 23
    quadrants: 4
    index: 15
    flags: 1
    field: {fileID: 319529179814714594}
    knob: {fileID: 0}
    tubes: []
  - connectionType: 18
    quadrants: 1
    index: 16
    flags: 1
    field: {fileID: 319529179814714594}
    knob: {fileID: 0}
    tubes: []
  - connectionType: 23
    quadrants: 4
    index: 17
    flags: 1
    field: {fileID: 319529179814714594}
    knob: {fileID: 0}
    tubes: []
  - connectionType: 0
    quadrants: 4
    index: 18
    flags: 1
    field: {fileID: 319529179814714594}
    knob: {fileID: 0}
    tubes: []
  - connectionType: 23
    quadrants: 4
    index: 19
    flags: 1
    field: {fileID: 319529179814714594}
    knob: {fileID: 0}
    tubes: []
  - connectionType: 0
    quadrants: 4
    index: 20
    flags: 1
    field: {fileID: 319529179814714594}
    knob: {fileID: 0}
    tubes: []
  - connectionType: 23
    quadrants: 4
    index: 21
    flags: 1
    field: {fileID: 319529179814714594}
    knob: {fileID: 0}
    tubes: []
  - connectionType: 0
    quadrants: 4
    index: 22
    flags: 1
    field: {fileID: 319529179814714594}
    knob: {fileID: 0}
    tubes: []
  - connectionType: 23
    quadrants: 4
    index: 23
    flags: 1
    field: {fileID: 319529179814714594}
    knob: {fileID: 0}
    tubes: []
  - connectionType: 0
    quadrants: 4
    index: 24
    flags: 1
    field: {fileID: 319529179814714594}
    knob: {fileID: 0}
    tubes: []
  - connectionType: 23
    quadrants: 4
    index: 25
    flags: 1
    field: {fileID: 319529179814714594}
    knob: {fileID: 0}
    tubes: []
  - connectionType: 0
    quadrants: 4
    index: 26
    flags: 1
    field: {fileID: 319529179814714594}
    knob: {fileID: 0}
    tubes: []
  - connectionType: 23
    quadrants: 4
    index: 27
    flags: 1
    field: {fileID: 319529179814714594}
    knob: {fileID: 0}
    tubes: []
  - connectionType: 0
    quadrants: 4
    index: 28
    flags: 1
    field: {fileID: 319529179814714594}
    knob: {fileID: 0}
    tubes: []
  - connectionType: 23
    quadrants: 4
    index: 29
    flags: 1
    field: {fileID: 319529179814714594}
    knob: {fileID: 0}
    tubes: []
  - connectionType: 0
    quadrants: 4
    index: 30
    flags: 1
    field: {fileID: 319529179814714594}
    knob: {fileID: 0}
    tubes: []
  - connectionType: 23
    quadrants: 4
    index: 31
    flags: 1
    field: {fileID: 319529179814714594}
    knob: {fileID: 0}
    tubes: []
  - connectionType: 0
    quadrants: 4
    index: 32
    flags: 1
    field: {fileID: 319529179814714594}
    knob: {fileID: 0}
    tubes: []
  - connectionType: 23
    quadrants: 4
    index: 33
    flags: 1
    field: {fileID: 319529179814714594}
    knob: {fileID: 0}
    tubes: []
  - connectionType: 18
    quadrants: 2
    index: 34
    flags: 1
    field: {fileID: 319529179814714594}
    knob: {fileID: 0}
    tubes: []
  - connectionType: 23
    quadrants: 4
    index: 35
    flags: 1
    field: {fileID: 319529179814714594}
    knob: {fileID: 0}
    tubes: []
  - connectionType: 18
    quadrants: 4
    index: 36
    flags: 1
    field: {fileID: 319529179814714594}
    knob: {fileID: 0}
    tubes: []
  - connectionType: 23
    quadrants: 4
    index: 37
    flags: 1
    field: {fileID: 319529179814714594}
    knob: {fileID: 0}
    tubes: []
  - connectionType: 18
    quadrants: 4
    index: 38
    flags: 1
    field: {fileID: 319529179814714594}
    knob: {fileID: 0}
    tubes: []
  - connectionType: 23
    quadrants: 4
    index: 39
    flags: 1
    field: {fileID: 319529179814714594}
    knob: {fileID: 0}
    tubes: []
  - connectionType: 18
    quadrants: 4
    index: 40
    flags: 1
    field: {fileID: 319529179814714594}
    knob: {fileID: 0}
    tubes: []
  - connectionType: 23
    quadrants: 4
    index: 41
    flags: 1
    field: {fileID: 319529179814714594}
    knob: {fileID: 0}
    tubes: []
  - connectionType: 18
    quadrants: 4
    index: 42
    flags: 1
    field: {fileID: 319529179814714594}
    knob: {fileID: 0}
    tubes: []
  - connectionType: 23
    quadrants: 4
    index: 43
    flags: 1
    field: {fileID: 319529179814714594}
    knob: {fileID: 0}
    tubes: []
  - connectionType: 18
    quadrants: 4
    index: 44
    flags: 1
    field: {fileID: 319529179814714594}
    knob: {fileID: 0}
    tubes: []
  - connectionType: 23
    quadrants: 4
    index: 45
    flags: 1
    field: {fileID: 319529179814714594}
    knob: {fileID: 0}
    tubes: []
  - connectionType: 18
    quadrants: 4
    index: 46
    flags: 1
    field: {fileID: 319529179814714594}
    knob: {fileID: 0}
    tubes: []
  - connectionType: 23
    quadrants: 4
    index: 47
    flags: 1
    field: {fileID: 319529179814714594}
    knob: {fileID: 0}
    tubes: []
  - connectionType: 18
    quadrants: 4
    index: 48
    flags: 1
    field: {fileID: 319529179814714594}
    knob: {fileID: 0}
    tubes: []
  - connectionType: 23
    quadrants: 4
    index: 49
    flags: 1
    field: {fileID: 319529179814714594}
    knob: {fileID: 0}
    tubes: []
  - connectionType: 18
    quadrants: 2
    index: 50
    flags: 1
    field: {fileID: 319529179814714594}
    knob: {fileID: 0}
    tubes: []
  - connectionType: 23
    quadrants: 4
    index: 51
    flags: 1
    field: {fileID: 319529179814714594}
    knob: {fileID: 0}
    tubes: []
  - connectionType: 0
    quadrants: 4
    index: 52
    flags: 1
    field: {fileID: 319529179814714594}
    knob: {fileID: 0}
    tubes: []
  - connectionType: 23
    quadrants: 4
    index: 53
    flags: 1
    field: {fileID: 319529179814714594}
    knob: {fileID: 0}
    tubes: []
  - connectionType: 0
    quadrants: 4
    index: 54
    flags: 1
    field: {fileID: 319529179814714594}
    knob: {fileID: 0}
    tubes: []
  - connectionType: 23
    quadrants: 4
    index: 55
    flags: 1
    field: {fileID: 319529179814714594}
    knob: {fileID: 0}
    tubes: []
  - connectionType: 0
    quadrants: 4
    index: 56
    flags: 1
    field: {fileID: 319529179814714594}
    knob: {fileID: 0}
    tubes: []
  - connectionType: 23
    quadrants: 4
    index: 57
    flags: 1
    field: {fileID: 319529179814714594}
    knob: {fileID: 0}
    tubes: []
  - connectionType: 0
    quadrants: 4
    index: 58
    flags: 1
    field: {fileID: 319529179814714594}
    knob: {fileID: 0}
    tubes: []
  - connectionType: 23
    quadrants: 4
    index: 59
    flags: 1
    field: {fileID: 319529179814714594}
    knob: {fileID: 0}
    tubes: []
  - connectionType: 0
    quadrants: 4
    index: 60
    flags: 1
    field: {fileID: 319529179814714594}
    knob: {fileID: 0}
    tubes: []
  - connectionType: 23
    quadrants: 4
    index: 61
    flags: 1
    field: {fileID: 319529179814714594}
    knob: {fileID: 0}
    tubes: []
  - connectionType: 0
    quadrants: 4
    index: 62
    flags: 1
    field: {fileID: 319529179814714594}
    knob: {fileID: 0}
    tubes: []
  - connectionType: 23
    quadrants: 4
    index: 63
    flags: 1
    field: {fileID: 319529179814714594}
    knob: {fileID: 0}
    tubes: []
  - connectionType: 0
    quadrants: 4
    index: 64
    flags: 1
    field: {fileID: 319529179814714594}
    knob: {fileID: 0}
    tubes: []
  - connectionType: 23
    quadrants: 4
    index: 65
    flags: 1
    field: {fileID: 319529179814714594}
    knob: {fileID: 0}
    tubes: []
  - connectionType: 0
    quadrants: 4
    index: 66
    flags: 1
    field: {fileID: 319529179814714594}
    knob: {fileID: 0}
    tubes: []
  - connectionType: 23
    quadrants: 4
    index: 67
    flags: 1
    field: {fileID: 319529179814714594}
    knob: {fileID: 0}
    tubes: []
  - connectionType: 18
    quadrants: 1
    index: 68
    flags: 1
    field: {fileID: 319529179814714594}
    knob: {fileID: 0}
    tubes: []
  - connectionType: 23
    quadrants: 4
    index: 69
    flags: 1
    field: {fileID: 319529179814714594}
    knob: {fileID: 0}
    tubes: []
  - connectionType: 18
    quadrants: 2
    index: 70
    flags: 1
    field: {fileID: 319529179814714594}
    knob: {fileID: 0}
    tubes: []
  - connectionType: 23
    quadrants: 4
    index: 71
    flags: 1
    field: {fileID: 319529179814714594}
    knob: {fileID: 0}
    tubes: []
  - connectionType: 18
    quadrants: 2
    index: 72
    flags: 1
    field: {fileID: 319529179814714594}
    knob: {fileID: 0}
    tubes: []
  - connectionType: 23
    quadrants: 4
    index: 73
    flags: 1
    field: {fileID: 319529179814714594}
    knob: {fileID: 0}
    tubes: []
  - connectionType: 18
    quadrants: 2
    index: 74
    flags: 1
    field: {fileID: 319529179814714594}
    knob: {fileID: 0}
    tubes: []
  - connectionType: 23
    quadrants: 4
    index: 75
    flags: 1
    field: {fileID: 319529179814714594}
    knob: {fileID: 0}
    tubes: []
  - connectionType: 18
    quadrants: 2
    index: 76
    flags: 1
    field: {fileID: 319529179814714594}
    knob: {fileID: 0}
    tubes: []
  - connectionType: 23
    quadrants: 4
    index: 77
    flags: 1
    field: {fileID: 319529179814714594}
    knob: {fileID: 0}
    tubes: []
  - connectionType: 18
    quadrants: 2
    index: 78
    flags: 1
    field: {fileID: 319529179814714594}
    knob: {fileID: 0}
    tubes: []
  - connectionType: 23
    quadrants: 4
    index: 79
    flags: 1
    field: {fileID: 319529179814714594}
    knob: {fileID: 0}
    tubes: []
  - connectionType: 18
    quadrants: 2
    index: 80
    flags: 1
    field: {fileID: 319529179814714594}
    knob: {fileID: 0}
    tubes: []
  - connectionType: 23
    quadrants: 4
    index: 81
    flags: 1
    field: {fileID: 319529179814714594}
    knob: {fileID: 0}
    tubes: []
  - connectionType: 18
    quadrants: 2
    index: 82
    flags: 1
    field: {fileID: 319529179814714594}
    knob: {fileID: 0}
    tubes: []
  - connectionType: 23
    quadrants: 4
    index: 83
    flags: 1
    field: {fileID: 319529179814714594}
    knob: {fileID: 0}
    tubes: []
  - connectionType: 18
    quadrants: 1
    index: 84
    flags: 1
    field: {fileID: 319529179814714594}
    knob: {fileID: 0}
    tubes: []
  connectivity: {fileID: 6660051052273353006}
  connected: 
  connectableConnections: 43
  connectedTo:
  - field: {fileID: 0}
    indexOfConnection: 0
  - field: {fileID: 0}
    indexOfConnection: 0
  - field: {fileID: 0}
    indexOfConnection: 0
  - field: {fileID: 0}
    indexOfConnection: 0
  - field: {fileID: 0}
    indexOfConnection: 0
  - field: {fileID: 0}
    indexOfConnection: 0
  - field: {fileID: 0}
    indexOfConnection: 0
  - field: {fileID: 0}
    indexOfConnection: 0
  - field: {fileID: 0}
    indexOfConnection: 0
  - field: {fileID: 0}
    indexOfConnection: 0
  - field: {fileID: 0}
    indexOfConnection: 0
  - field: {fileID: 0}
    indexOfConnection: 0
  - field: {fileID: 0}
    indexOfConnection: 0
  - field: {fileID: 0}
    indexOfConnection: 0
  - field: {fileID: 0}
    indexOfConnection: 0
  - field: {fileID: 0}
    indexOfConnection: 0
  - field: {fileID: 0}
    indexOfConnection: 0
  - field: {fileID: 0}
    indexOfConnection: 0
  - field: {fileID: 0}
    indexOfConnection: 0
  - field: {fileID: 0}
    indexOfConnection: 0
  - field: {fileID: 0}
    indexOfConnection: 0
  - field: {fileID: 0}
    indexOfConnection: 0
  - field: {fileID: 0}
    indexOfConnection: 0
  - field: {fileID: 0}
    indexOfConnection: 0
  - field: {fileID: 0}
    indexOfConnection: 0
  - field: {fileID: 0}
    indexOfConnection: 0
  - field: {fileID: 0}
    indexOfConnection: 0
  - field: {fileID: 0}
    indexOfConnection: 0
  - field: {fileID: 0}
    indexOfConnection: 0
  - field: {fileID: 0}
    indexOfConnection: 0
  - field: {fileID: 0}
    indexOfConnection: 0
  - field: {fileID: 0}
    indexOfConnection: 0
  - field: {fileID: 0}
    indexOfConnection: 0
  - field: {fileID: 0}
    indexOfConnection: 0
  - field: {fileID: 0}
    indexOfConnection: 0
  - field: {fileID: 0}
    indexOfConnection: 0
  - field: {fileID: 0}
    indexOfConnection: 0
  - field: {fileID: 0}
    indexOfConnection: 0
  - field: {fileID: 0}
    indexOfConnection: 0
  - field: {fileID: 0}
    indexOfConnection: 0
  - field: {fileID: 0}
    indexOfConnection: 0
  - field: {fileID: 0}
    indexOfConnection: 0
  - field: {fileID: 0}
    indexOfConnection: 0
  - field: {fileID: 0}
    indexOfConnection: 0
  - field: {fileID: 0}
    indexOfConnection: 0
  - field: {fileID: 0}
    indexOfConnection: 0
  - field: {fileID: 0}
    indexOfConnection: 0
  - field: {fileID: 0}
    indexOfConnection: 0
  - field: {fileID: 0}
    indexOfConnection: 0
  - field: {fileID: 0}
    indexOfConnection: 0
  - field: {fileID: 0}
    indexOfConnection: 0
  - field: {fileID: 0}
    indexOfConnection: 0
  - field: {fileID: 0}
    indexOfConnection: 0
  - field: {fileID: 0}
    indexOfConnection: 0
  - field: {fileID: 0}
    indexOfConnection: 0
  - field: {fileID: 0}
    indexOfConnection: 0
  - field: {fileID: 0}
    indexOfConnection: 0
  - field: {fileID: 0}
    indexOfConnection: 0
  - field: {fileID: 0}
    indexOfConnection: 0
  - field: {fileID: 0}
    indexOfConnection: 0
  - field: {fileID: 0}
    indexOfConnection: 0
  - field: {fileID: 0}
    indexOfConnection: 0
  - field: {fileID: 0}
    indexOfConnection: 0
  - field: {fileID: 0}
    indexOfConnection: 0
  - field: {fileID: 0}
    indexOfConnection: 0
  - field: {fileID: 0}
    indexOfConnection: 0
  - field: {fileID: 0}
    indexOfConnection: 0
  - field: {fileID: 0}
    indexOfConnection: 0
  - field: {fileID: 0}
    indexOfConnection: 0
  - field: {fileID: 0}
    indexOfConnection: 0
  - field: {fileID: 0}
    indexOfConnection: 0
  - field: {fileID: 0}
    indexOfConnection: 0
  - field: {fileID: 0}
    indexOfConnection: 0
  - field: {fileID: 0}
    indexOfConnection: 0
  - field: {fileID: 0}
    indexOfConnection: 0
  - field: {fileID: 0}
    indexOfConnection: 0
  - field: {fileID: 0}
    indexOfConnection: 0
  - field: {fileID: 0}
    indexOfConnection: 0
  - field: {fileID: 0}
    indexOfConnection: 0
  - field: {fileID: 0}
    indexOfConnection: 0
  - field: {fileID: 0}
    indexOfConnection: 0
  - field: {fileID: 0}
    indexOfConnection: 0
  - field: {fileID: 0}
    indexOfConnection: 0
  - field: {fileID: 0}
    indexOfConnection: 0
  - field: {fileID: 0}
    indexOfConnection: 0
--- !u!65 &2896214711276363242
BoxCollider:
  m_ObjectHideFlags: 0
  m_CorrespondingSourceObject: {fileID: 0}
  m_PrefabInstance: {fileID: 0}
  m_PrefabAsset: {fileID: 0}
  m_GameObject: {fileID: 1268342351577818434}
  m_Material: {fileID: 0}
  m_IsTrigger: 1
  m_Enabled: 1
  serializedVersion: 2
  m_Size: {x: 6.7999997, y: 0.1, z: 1.9999999}
  m_Center: {x: -3.1999998, y: 0, z: 0.79999995}
--- !u!1 &3471190906506649740
GameObject:
  m_ObjectHideFlags: 0
  m_CorrespondingSourceObject: {fileID: 0}
  m_PrefabInstance: {fileID: 0}
  m_PrefabAsset: {fileID: 0}
  serializedVersion: 6
  m_Component:
  - component: {fileID: 4014728156157094677}
  - component: {fileID: 6940171636882136211}
  - component: {fileID: 5102508771199091582}
  m_Layer: 12
  m_Name: Custom2DField
  m_TagString: Untagged
  m_Icon: {fileID: 0}
  m_NavMeshLayer: 0
  m_StaticEditorFlags: 0
  m_IsActive: 1
--- !u!4 &4014728156157094677
Transform:
  m_ObjectHideFlags: 0
  m_CorrespondingSourceObject: {fileID: 0}
  m_PrefabInstance: {fileID: 0}
  m_PrefabAsset: {fileID: 0}
  m_GameObject: {fileID: 3471190906506649740}
  m_LocalRotation: {x: -0, y: -0, z: -0, w: 1}
  m_LocalPosition: {x: 0.4, y: 0, z: -1.2}
  m_LocalScale: {x: 1, y: 1, z: 1}
  m_Children: []
  m_Father: {fileID: 8502879696502035295}
  m_RootOrder: 0
  m_LocalEulerAnglesHint: {x: 0, y: 0, z: 0}
--- !u!114 &6940171636882136211
MonoBehaviour:
  m_ObjectHideFlags: 0
  m_CorrespondingSourceObject: {fileID: 0}
  m_PrefabInstance: {fileID: 0}
  m_PrefabAsset: {fileID: 0}
  m_GameObject: {fileID: 3471190906506649740}
  m_Enabled: 1
  m_EditorHideFlags: 0
  m_Script: {fileID: 11500000, guid: 616267e32080e4b8dac3ff19dbc8c958, type: 3}
  m_Name: 
  m_EditorClassIdentifier: 
  gridSize: {x: 16, y: 4}
  fieldType: 0
  kind: 1
  connections:
  - connectionType: 22
    quadrants: 1
    index: 0
    flags: 1
    field: {fileID: 6940171636882136211}
    knob: {fileID: 0}
    tubes: []
  - connectionType: 22
    quadrants: 2
    index: 1
    flags: 1
    field: {fileID: 6940171636882136211}
    knob: {fileID: 0}
    tubes: []
  - connectionType: 22
    quadrants: 2
    index: 2
    flags: 1
    field: {fileID: 6940171636882136211}
    knob: {fileID: 0}
    tubes: []
  - connectionType: 22
    quadrants: 2
    index: 3
    flags: 1
    field: {fileID: 6940171636882136211}
    knob: {fileID: 0}
    tubes: []
  - connectionType: 22
    quadrants: 2
    index: 4
    flags: 1
    field: {fileID: 6940171636882136211}
    knob: {fileID: 0}
    tubes: []
  - connectionType: 22
    quadrants: 2
    index: 5
    flags: 1
    field: {fileID: 6940171636882136211}
    knob: {fileID: 0}
    tubes: []
  - connectionType: 22
    quadrants: 2
    index: 6
    flags: 1
    field: {fileID: 6940171636882136211}
    knob: {fileID: 0}
    tubes: []
  - connectionType: 22
    quadrants: 2
    index: 7
    flags: 1
    field: {fileID: 6940171636882136211}
    knob: {fileID: 0}
    tubes: []
  - connectionType: 22
    quadrants: 2
    index: 8
    flags: 1
    field: {fileID: 6940171636882136211}
    knob: {fileID: 0}
    tubes: []
  - connectionType: 22
    quadrants: 2
    index: 9
    flags: 1
    field: {fileID: 6940171636882136211}
    knob: {fileID: 0}
    tubes: []
  - connectionType: 22
    quadrants: 2
    index: 10
    flags: 1
    field: {fileID: 6940171636882136211}
    knob: {fileID: 0}
    tubes: []
  - connectionType: 22
    quadrants: 2
    index: 11
    flags: 1
    field: {fileID: 6940171636882136211}
    knob: {fileID: 0}
    tubes: []
  - connectionType: 22
    quadrants: 2
    index: 12
    flags: 1
    field: {fileID: 6940171636882136211}
    knob: {fileID: 0}
    tubes: []
  - connectionType: 22
    quadrants: 2
    index: 13
    flags: 1
    field: {fileID: 6940171636882136211}
    knob: {fileID: 0}
    tubes: []
  - connectionType: 22
    quadrants: 2
    index: 14
    flags: 1
    field: {fileID: 6940171636882136211}
    knob: {fileID: 0}
    tubes: []
  - connectionType: 22
    quadrants: 2
    index: 15
    flags: 1
    field: {fileID: 6940171636882136211}
    knob: {fileID: 0}
    tubes: []
  - connectionType: 22
    quadrants: 1
    index: 16
    flags: 1
    field: {fileID: 6940171636882136211}
    knob: {fileID: 0}
    tubes: []
  - connectionType: 22
    quadrants: 2
    index: 17
    flags: 1
    field: {fileID: 6940171636882136211}
    knob: {fileID: 0}
    tubes: []
  - connectionType: 15
    quadrants: 4
    index: 18
    flags: 1
    field: {fileID: 6940171636882136211}
    knob: {fileID: 0}
    tubes: []
  - connectionType: 23
    quadrants: 4
    index: 19
    flags: 1
    field: {fileID: 6940171636882136211}
    knob: {fileID: 0}
    tubes: []
  - connectionType: 15
    quadrants: 4
    index: 20
    flags: 1
    field: {fileID: 6940171636882136211}
    knob: {fileID: 0}
    tubes: []
  - connectionType: 23
    quadrants: 4
    index: 21
    flags: 1
    field: {fileID: 6940171636882136211}
    knob: {fileID: 0}
    tubes: []
  - connectionType: 15
    quadrants: 4
    index: 22
    flags: 1
    field: {fileID: 6940171636882136211}
    knob: {fileID: 0}
    tubes: []
  - connectionType: 23
    quadrants: 4
    index: 23
    flags: 1
    field: {fileID: 6940171636882136211}
    knob: {fileID: 0}
    tubes: []
  - connectionType: 15
    quadrants: 4
    index: 24
    flags: 1
    field: {fileID: 6940171636882136211}
    knob: {fileID: 0}
    tubes: []
  - connectionType: 23
    quadrants: 4
    index: 25
    flags: 1
    field: {fileID: 6940171636882136211}
    knob: {fileID: 0}
    tubes: []
  - connectionType: 15
    quadrants: 4
    index: 26
    flags: 1
    field: {fileID: 6940171636882136211}
    knob: {fileID: 0}
    tubes: []
  - connectionType: 23
    quadrants: 4
    index: 27
    flags: 1
    field: {fileID: 6940171636882136211}
    knob: {fileID: 0}
    tubes: []
  - connectionType: 15
    quadrants: 4
    index: 28
    flags: 1
    field: {fileID: 6940171636882136211}
    knob: {fileID: 0}
    tubes: []
  - connectionType: 23
    quadrants: 4
    index: 29
    flags: 1
    field: {fileID: 6940171636882136211}
    knob: {fileID: 0}
    tubes: []
  - connectionType: 15
    quadrants: 4
    index: 30
    flags: 1
    field: {fileID: 6940171636882136211}
    knob: {fileID: 0}
    tubes: []
  - connectionType: 23
    quadrants: 4
    index: 31
    flags: 1
    field: {fileID: 6940171636882136211}
    knob: {fileID: 0}
    tubes: []
  - connectionType: 15
    quadrants: 4
    index: 32
    flags: 1
    field: {fileID: 6940171636882136211}
    knob: {fileID: 0}
    tubes: []
  - connectionType: 22
    quadrants: 2
    index: 33
    flags: 1
    field: {fileID: 6940171636882136211}
    knob: {fileID: 0}
    tubes: []
  - connectionType: 22
    quadrants: 2
    index: 34
    flags: 1
    field: {fileID: 6940171636882136211}
    knob: {fileID: 0}
    tubes: []
  - connectionType: 23
    quadrants: 4
    index: 35
    flags: 1
    field: {fileID: 6940171636882136211}
    knob: {fileID: 0}
    tubes: []
  - connectionType: 7
    quadrants: 4
    index: 36
    flags: 1
    field: {fileID: 6940171636882136211}
    knob: {fileID: 0}
    tubes: []
  - connectionType: 23
    quadrants: 4
    index: 37
    flags: 1
    field: {fileID: 6940171636882136211}
    knob: {fileID: 0}
    tubes: []
  - connectionType: 7
    quadrants: 4
    index: 38
    flags: 1
    field: {fileID: 6940171636882136211}
    knob: {fileID: 0}
    tubes: []
  - connectionType: 23
    quadrants: 4
    index: 39
    flags: 1
    field: {fileID: 6940171636882136211}
    knob: {fileID: 0}
    tubes: []
  - connectionType: 7
    quadrants: 4
    index: 40
    flags: 1
    field: {fileID: 6940171636882136211}
    knob: {fileID: 0}
    tubes: []
  - connectionType: 23
    quadrants: 4
    index: 41
    flags: 1
    field: {fileID: 6940171636882136211}
    knob: {fileID: 0}
    tubes: []
  - connectionType: 7
    quadrants: 4
    index: 42
    flags: 1
    field: {fileID: 6940171636882136211}
    knob: {fileID: 0}
    tubes: []
  - connectionType: 23
    quadrants: 4
    index: 43
    flags: 1
    field: {fileID: 6940171636882136211}
    knob: {fileID: 0}
    tubes: []
  - connectionType: 7
    quadrants: 4
    index: 44
    flags: 1
    field: {fileID: 6940171636882136211}
    knob: {fileID: 0}
    tubes: []
  - connectionType: 23
    quadrants: 4
    index: 45
    flags: 1
    field: {fileID: 6940171636882136211}
    knob: {fileID: 0}
    tubes: []
  - connectionType: 7
    quadrants: 4
    index: 46
    flags: 1
    field: {fileID: 6940171636882136211}
    knob: {fileID: 0}
    tubes: []
  - connectionType: 23
    quadrants: 4
    index: 47
    flags: 1
    field: {fileID: 6940171636882136211}
    knob: {fileID: 0}
    tubes: []
  - connectionType: 7
    quadrants: 4
    index: 48
    flags: 1
    field: {fileID: 6940171636882136211}
    knob: {fileID: 0}
    tubes: []
  - connectionType: 23
    quadrants: 4
    index: 49
    flags: 1
    field: {fileID: 6940171636882136211}
    knob: {fileID: 0}
    tubes: []
  - connectionType: 22
    quadrants: 2
    index: 50
    flags: 1
    field: {fileID: 6940171636882136211}
    knob: {fileID: 0}
    tubes: []
  - connectionType: 22
    quadrants: 2
    index: 51
    flags: 1
    field: {fileID: 6940171636882136211}
    knob: {fileID: 0}
    tubes: []
  - connectionType: 15
    quadrants: 4
    index: 52
    flags: 1
    field: {fileID: 6940171636882136211}
    knob: {fileID: 0}
    tubes: []
  - connectionType: 23
    quadrants: 4
    index: 53
    flags: 1
    field: {fileID: 6940171636882136211}
    knob: {fileID: 0}
    tubes: []
  - connectionType: 15
    quadrants: 4
    index: 54
    flags: 1
    field: {fileID: 6940171636882136211}
    knob: {fileID: 0}
    tubes: []
  - connectionType: 23
    quadrants: 4
    index: 55
    flags: 1
    field: {fileID: 6940171636882136211}
    knob: {fileID: 0}
    tubes: []
  - connectionType: 15
    quadrants: 4
    index: 56
    flags: 1
    field: {fileID: 6940171636882136211}
    knob: {fileID: 0}
    tubes: []
  - connectionType: 23
    quadrants: 4
    index: 57
    flags: 1
    field: {fileID: 6940171636882136211}
    knob: {fileID: 0}
    tubes: []
  - connectionType: 15
    quadrants: 4
    index: 58
    flags: 1
    field: {fileID: 6940171636882136211}
    knob: {fileID: 0}
    tubes: []
  - connectionType: 23
    quadrants: 4
    index: 59
    flags: 1
    field: {fileID: 6940171636882136211}
    knob: {fileID: 0}
    tubes: []
  - connectionType: 15
    quadrants: 4
    index: 60
    flags: 1
    field: {fileID: 6940171636882136211}
    knob: {fileID: 0}
    tubes: []
  - connectionType: 23
    quadrants: 4
    index: 61
    flags: 1
    field: {fileID: 6940171636882136211}
    knob: {fileID: 0}
    tubes: []
  - connectionType: 15
    quadrants: 4
    index: 62
    flags: 1
    field: {fileID: 6940171636882136211}
    knob: {fileID: 0}
    tubes: []
  - connectionType: 23
    quadrants: 4
    index: 63
    flags: 1
    field: {fileID: 6940171636882136211}
    knob: {fileID: 0}
    tubes: []
  - connectionType: 15
    quadrants: 4
    index: 64
    flags: 1
    field: {fileID: 6940171636882136211}
    knob: {fileID: 0}
    tubes: []
  - connectionType: 23
    quadrants: 4
    index: 65
    flags: 1
    field: {fileID: 6940171636882136211}
    knob: {fileID: 0}
    tubes: []
  - connectionType: 15
    quadrants: 4
    index: 66
    flags: 1
    field: {fileID: 6940171636882136211}
    knob: {fileID: 0}
    tubes: []
  - connectionType: 22
    quadrants: 2
    index: 67
    flags: 1
    field: {fileID: 6940171636882136211}
    knob: {fileID: 0}
    tubes: []
  - connectionType: 22
    quadrants: 1
    index: 68
    flags: 1
    field: {fileID: 6940171636882136211}
    knob: {fileID: 0}
    tubes: []
  - connectionType: 22
    quadrants: 2
    index: 69
    flags: 1
    field: {fileID: 6940171636882136211}
    knob: {fileID: 0}
    tubes: []
  - connectionType: 22
    quadrants: 2
    index: 70
    flags: 1
    field: {fileID: 6940171636882136211}
    knob: {fileID: 0}
    tubes: []
  - connectionType: 22
    quadrants: 2
    index: 71
    flags: 1
    field: {fileID: 6940171636882136211}
    knob: {fileID: 0}
    tubes: []
  - connectionType: 22
    quadrants: 2
    index: 72
    flags: 1
    field: {fileID: 6940171636882136211}
    knob: {fileID: 0}
    tubes: []
  - connectionType: 22
    quadrants: 2
    index: 73
    flags: 1
    field: {fileID: 6940171636882136211}
    knob: {fileID: 0}
    tubes: []
  - connectionType: 22
    quadrants: 2
    index: 74
    flags: 1
    field: {fileID: 6940171636882136211}
    knob: {fileID: 0}
    tubes: []
  - connectionType: 22
    quadrants: 2
    index: 75
    flags: 1
    field: {fileID: 6940171636882136211}
    knob: {fileID: 0}
    tubes: []
  - connectionType: 22
    quadrants: 2
    index: 76
    flags: 1
    field: {fileID: 6940171636882136211}
    knob: {fileID: 0}
    tubes: []
  - connectionType: 22
    quadrants: 2
    index: 77
    flags: 1
    field: {fileID: 6940171636882136211}
    knob: {fileID: 0}
    tubes: []
  - connectionType: 22
    quadrants: 2
    index: 78
    flags: 1
    field: {fileID: 6940171636882136211}
    knob: {fileID: 0}
    tubes: []
  - connectionType: 22
    quadrants: 2
    index: 79
    flags: 1
    field: {fileID: 6940171636882136211}
    knob: {fileID: 0}
    tubes: []
  - connectionType: 22
    quadrants: 2
    index: 80
    flags: 1
    field: {fileID: 6940171636882136211}
    knob: {fileID: 0}
    tubes: []
  - connectionType: 22
    quadrants: 2
    index: 81
    flags: 1
    field: {fileID: 6940171636882136211}
    knob: {fileID: 0}
    tubes: []
  - connectionType: 22
    quadrants: 2
    index: 82
    flags: 1
    field: {fileID: 6940171636882136211}
    knob: {fileID: 0}
    tubes: []
  - connectionType: 22
    quadrants: 2
    index: 83
    flags: 1
    field: {fileID: 6940171636882136211}
    knob: {fileID: 0}
    tubes: []
  - connectionType: 22
    quadrants: 1
    index: 84
    flags: 1
    field: {fileID: 6940171636882136211}
    knob: {fileID: 0}
    tubes: []
  connectivity: {fileID: 6660051052273353006}
  connected: 
  connectableConnections: 23
  connectedTo:
  - field: {fileID: 0}
    indexOfConnection: 0
  - field: {fileID: 0}
    indexOfConnection: 0
  - field: {fileID: 0}
    indexOfConnection: 0
  - field: {fileID: 0}
    indexOfConnection: 0
  - field: {fileID: 0}
    indexOfConnection: 0
  - field: {fileID: 0}
    indexOfConnection: 0
  - field: {fileID: 0}
    indexOfConnection: 0
  - field: {fileID: 0}
    indexOfConnection: 0
  - field: {fileID: 0}
    indexOfConnection: 0
  - field: {fileID: 0}
    indexOfConnection: 0
  - field: {fileID: 0}
    indexOfConnection: 0
  - field: {fileID: 0}
    indexOfConnection: 0
  - field: {fileID: 0}
    indexOfConnection: 0
  - field: {fileID: 0}
    indexOfConnection: 0
  - field: {fileID: 0}
    indexOfConnection: 0
  - field: {fileID: 0}
    indexOfConnection: 0
  - field: {fileID: 0}
    indexOfConnection: 0
  - field: {fileID: 0}
    indexOfConnection: 0
  - field: {fileID: 0}
    indexOfConnection: 0
  - field: {fileID: 0}
    indexOfConnection: 0
  - field: {fileID: 0}
    indexOfConnection: 0
  - field: {fileID: 0}
    indexOfConnection: 0
  - field: {fileID: 0}
    indexOfConnection: 0
  - field: {fileID: 0}
    indexOfConnection: 0
  - field: {fileID: 0}
    indexOfConnection: 0
  - field: {fileID: 0}
    indexOfConnection: 0
  - field: {fileID: 0}
    indexOfConnection: 0
  - field: {fileID: 0}
    indexOfConnection: 0
  - field: {fileID: 0}
    indexOfConnection: 0
  - field: {fileID: 0}
    indexOfConnection: 0
  - field: {fileID: 0}
    indexOfConnection: 0
  - field: {fileID: 0}
    indexOfConnection: 0
  - field: {fileID: 0}
    indexOfConnection: 0
  - field: {fileID: 0}
    indexOfConnection: 0
  - field: {fileID: 0}
    indexOfConnection: 0
  - field: {fileID: 0}
    indexOfConnection: 0
  - field: {fileID: 0}
    indexOfConnection: 0
  - field: {fileID: 0}
    indexOfConnection: 0
  - field: {fileID: 0}
    indexOfConnection: 0
  - field: {fileID: 0}
    indexOfConnection: 0
  - field: {fileID: 0}
    indexOfConnection: 0
  - field: {fileID: 0}
    indexOfConnection: 0
  - field: {fileID: 0}
    indexOfConnection: 0
  - field: {fileID: 0}
    indexOfConnection: 0
  - field: {fileID: 0}
    indexOfConnection: 0
  - field: {fileID: 0}
    indexOfConnection: 0
  - field: {fileID: 0}
    indexOfConnection: 0
  - field: {fileID: 0}
    indexOfConnection: 0
  - field: {fileID: 0}
    indexOfConnection: 0
  - field: {fileID: 0}
    indexOfConnection: 0
  - field: {fileID: 0}
    indexOfConnection: 0
  - field: {fileID: 0}
    indexOfConnection: 0
  - field: {fileID: 0}
    indexOfConnection: 0
  - field: {fileID: 0}
    indexOfConnection: 0
  - field: {fileID: 0}
    indexOfConnection: 0
  - field: {fileID: 0}
    indexOfConnection: 0
  - field: {fileID: 0}
    indexOfConnection: 0
  - field: {fileID: 0}
    indexOfConnection: 0
  - field: {fileID: 0}
    indexOfConnection: 0
  - field: {fileID: 0}
    indexOfConnection: 0
  - field: {fileID: 0}
    indexOfConnection: 0
  - field: {fileID: 0}
    indexOfConnection: 0
  - field: {fileID: 0}
    indexOfConnection: 0
  - field: {fileID: 0}
    indexOfConnection: 0
  - field: {fileID: 0}
    indexOfConnection: 0
  - field: {fileID: 0}
    indexOfConnection: 0
  - field: {fileID: 0}
    indexOfConnection: 0
  - field: {fileID: 0}
    indexOfConnection: 0
  - field: {fileID: 0}
    indexOfConnection: 0
  - field: {fileID: 0}
    indexOfConnection: 0
  - field: {fileID: 0}
    indexOfConnection: 0
  - field: {fileID: 0}
    indexOfConnection: 0
  - field: {fileID: 0}
    indexOfConnection: 0
  - field: {fileID: 0}
    indexOfConnection: 0
  - field: {fileID: 0}
    indexOfConnection: 0
  - field: {fileID: 0}
    indexOfConnection: 0
  - field: {fileID: 0}
    indexOfConnection: 0
  - field: {fileID: 0}
    indexOfConnection: 0
  - field: {fileID: 0}
    indexOfConnection: 0
  - field: {fileID: 0}
    indexOfConnection: 0
  - field: {fileID: 0}
    indexOfConnection: 0
  - field: {fileID: 0}
    indexOfConnection: 0
  - field: {fileID: 0}
    indexOfConnection: 0
  - field: {fileID: 0}
    indexOfConnection: 0
  - field: {fileID: 0}
    indexOfConnection: 0
--- !u!65 &5102508771199091582
BoxCollider:
  m_ObjectHideFlags: 0
  m_CorrespondingSourceObject: {fileID: 0}
  m_PrefabInstance: {fileID: 0}
  m_PrefabAsset: {fileID: 0}
  m_GameObject: {fileID: 3471190906506649740}
  m_Material: {fileID: 0}
  m_IsTrigger: 1
  m_Enabled: 1
  serializedVersion: 2
  m_Size: {x: 6.7999997, y: 0.1, z: 1.9999999}
  m_Center: {x: -3.1999998, y: 0, z: 0.79999995}
--- !u!1 &5869598200028972608
GameObject:
  m_ObjectHideFlags: 0
  m_CorrespondingSourceObject: {fileID: 0}
  m_PrefabInstance: {fileID: 0}
  m_PrefabAsset: {fileID: 0}
  serializedVersion: 6
  m_Component:
  - component: {fileID: 8502879696502035295}
  - component: {fileID: 6660051052273353006}
  m_Layer: 0
  m_Name: 3034
  m_TagString: Untagged
  m_Icon: {fileID: 0}
  m_NavMeshLayer: 0
  m_StaticEditorFlags: 0
  m_IsActive: 1
--- !u!4 &8502879696502035295
Transform:
  m_ObjectHideFlags: 0
  m_CorrespondingSourceObject: {fileID: 0}
  m_PrefabInstance: {fileID: 0}
  m_PrefabAsset: {fileID: 0}
  m_GameObject: {fileID: 5869598200028972608}
  m_LocalRotation: {x: 0, y: 0, z: 0, w: 1}
  m_LocalPosition: {x: 0, y: 0, z: 0}
  m_LocalScale: {x: 1, y: 1, z: 1}
  m_Children:
  - {fileID: 4014728156157094677}
  - {fileID: 3392236740738677560}
  m_Father: {fileID: 0}
  m_RootOrder: 0
  m_LocalEulerAnglesHint: {x: 0, y: 0, z: 0}
--- !u!114 &6660051052273353006
MonoBehaviour:
  m_ObjectHideFlags: 0
  m_CorrespondingSourceObject: {fileID: 0}
  m_PrefabInstance: {fileID: 0}
  m_PrefabAsset: {fileID: 0}
  m_GameObject: {fileID: 5869598200028972608}
  m_Enabled: 1
  m_EditorHideFlags: 0
  m_Script: {fileID: 11500000, guid: deb893d6bf2c95a45938bd55b2e051a8, type: 3}
  m_Name: 
  m_EditorClassIdentifier: 
  version: 1
  part: {fileID: 0}
  extents:
    m_Center: {x: -2.8, y: 0.249, z: -0.40000004}
    m_Extent: {x: -3.2, y: 0.249, z: 0.8}
  connectionFields:
  - {fileID: 6940171636882136211}
  - {fileID: 319529179814714594}
