%YAML 1.1
%TAG !u! tag:unity3d.com,2011:
--- !u!1 &906713199423189962
GameObject:
  m_ObjectHideFlags: 0
  m_CorrespondingSourceObject: {fileID: 0}
  m_PrefabInstance: {fileID: 0}
  m_PrefabAsset: {fileID: 0}
  serializedVersion: 6
  m_Component:
  - component: {fileID: 6522298182510266732}
  - component: {fileID: 5284435132158965634}
  - component: {fileID: 7959953735146971956}
  m_Layer: 13
  m_Name: Custom2DField
  m_TagString: Untagged
  m_Icon: {fileID: 0}
  m_NavMeshLayer: 0
  m_StaticEditorFlags: 0
  m_IsActive: 1
--- !u!4 &6522298182510266732
Transform:
  m_ObjectHideFlags: 0
  m_CorrespondingSourceObject: {fileID: 0}
  m_PrefabInstance: {fileID: 0}
  m_PrefabAsset: {fileID: 0}
  m_GameObject: {fileID: 906713199423189962}
  m_LocalRotation: {x: -0, y: -0, z: -0, w: 1}
  m_LocalPosition: {x: 0.4, y: 0.96, z: -0.4}
  m_LocalScale: {x: 1, y: 1, z: 1}
  m_Children: []
  m_Father: {fileID: 3688427530217292110}
  m_RootOrder: 2
  m_LocalEulerAnglesHint: {x: 0, y: 0, z: 0}
--- !u!114 &5284435132158965634
MonoBehaviour:
  m_ObjectHideFlags: 0
  m_CorrespondingSourceObject: {fileID: 0}
  m_PrefabInstance: {fileID: 0}
  m_PrefabAsset: {fileID: 0}
  m_GameObject: {fileID: 906713199423189962}
  m_Enabled: 1
  m_EditorHideFlags: 0
  m_Script: {fileID: 11500000, guid: 616267e32080e4b8dac3ff19dbc8c958, type: 3}
  m_Name: 
  m_EditorClassIdentifier: 
  gridSize: {x: 2, y: 2}
  fieldType: 0
  kind: 0
  connections:
  - connectionType: 18
    quadrants: 1
    index: 0
    flags: 1
    field: {fileID: 5284435132158965634}
    knob: {fileID: 0}
    tubes: []
  - connectionType: 23
    quadrants: 4
    index: 1
    flags: 1
    field: {fileID: 5284435132158965634}
    knob: {fileID: 0}
    tubes: []
  - connectionType: 18
    quadrants: 1
    index: 2
    flags: 1
    field: {fileID: 5284435132158965634}
    knob: {fileID: 0}
    tubes: []
  - connectionType: 23
    quadrants: 4
    index: 3
    flags: 1
    field: {fileID: 5284435132158965634}
    knob: {fileID: 0}
    tubes: []
  - connectionType: 0
    quadrants: 4
    index: 4
    flags: 0
    field: {fileID: 5284435132158965634}
    knob: {fileID: 0}
    tubes: []
  - connectionType: 23
    quadrants: 4
    index: 5
    flags: 1
    field: {fileID: 5284435132158965634}
    knob: {fileID: 0}
    tubes: []
  - connectionType: 18
    quadrants: 1
    index: 6
    flags: 1
    field: {fileID: 5284435132158965634}
    knob: {fileID: 0}
    tubes: []
  - connectionType: 23
    quadrants: 4
    index: 7
    flags: 1
    field: {fileID: 5284435132158965634}
    knob: {fileID: 0}
    tubes: []
  - connectionType: 18
    quadrants: 1
    index: 8
    flags: 1
    field: {fileID: 5284435132158965634}
    knob: {fileID: 0}
    tubes: []
  connectivity: {fileID: 6282022110705071389}
  connected: 
  connectableConnections: 5
  connectedTo:
  - field: {fileID: 0}
    indexOfConnection: 0
  - field: {fileID: 0}
    indexOfConnection: 0
  - field: {fileID: 0}
    indexOfConnection: 0
  - field: {fileID: 0}
    indexOfConnection: 0
  - field: {fileID: 0}
    indexOfConnection: 0
  - field: {fileID: 0}
    indexOfConnection: 0
  - field: {fileID: 0}
    indexOfConnection: 0
  - field: {fileID: 0}
    indexOfConnection: 0
  - field: {fileID: 0}
    indexOfConnection: 0
--- !u!65 &7959953735146971956
BoxCollider:
  m_ObjectHideFlags: 0
  m_CorrespondingSourceObject: {fileID: 0}
  m_PrefabInstance: {fileID: 0}
  m_PrefabAsset: {fileID: 0}
  m_GameObject: {fileID: 906713199423189962}
  m_Material: {fileID: 0}
  m_IsTrigger: 1
  m_Enabled: 1
  serializedVersion: 2
  m_Size: {x: 1.1999999, y: 0.1, z: 1.1999999}
  m_Center: {x: -0.39999998, y: 0, z: 0.39999998}
--- !u!1 &1217438351831309702
GameObject:
  m_ObjectHideFlags: 0
  m_CorrespondingSourceObject: {fileID: 0}
  m_PrefabInstance: {fileID: 0}
  m_PrefabAsset: {fileID: 0}
  serializedVersion: 6
  m_Component:
  - component: {fileID: 3688427530217292110}
  - component: {fileID: 6282022110705071389}
  m_Layer: 0
  m_Name: 4070
  m_TagString: Untagged
  m_Icon: {fileID: 0}
  m_NavMeshLayer: 0
  m_StaticEditorFlags: 0
  m_IsActive: 1
--- !u!4 &3688427530217292110
Transform:
  m_ObjectHideFlags: 0
  m_CorrespondingSourceObject: {fileID: 0}
  m_PrefabInstance: {fileID: 0}
  m_PrefabAsset: {fileID: 0}
  m_GameObject: {fileID: 1217438351831309702}
  m_LocalRotation: {x: 0, y: 0, z: 0, w: 1}
  m_LocalPosition: {x: 0, y: 0, z: 0}
  m_LocalScale: {x: 1, y: 1, z: 1}
  m_Children:
  - {fileID: 230155347545219383}
  - {fileID: 1732861544302273352}
  - {fileID: 6522298182510266732}
  - {fileID: 8228206780138489865}
  m_Father: {fileID: 0}
  m_RootOrder: 0
  m_LocalEulerAnglesHint: {x: 0, y: 0, z: 0}
--- !u!114 &6282022110705071389
MonoBehaviour:
  m_ObjectHideFlags: 0
  m_CorrespondingSourceObject: {fileID: 0}
  m_PrefabInstance: {fileID: 0}
  m_PrefabAsset: {fileID: 0}
  m_GameObject: {fileID: 1217438351831309702}
  m_Enabled: 1
  m_EditorHideFlags: 0
  m_Script: {fileID: 11500000, guid: deb893d6bf2c95a45938bd55b2e051a8, type: 3}
  m_Name: 
  m_EditorClassIdentifier: 
  version: 1
  part: {fileID: 0}
  extents:
    m_Center: {x: 0.0013120174, y: 0.569005, z: 0.017060012}
    m_Extent: {x: -0.401312, y: 0.569005, z: 0.41706002}
  connectionFields:
  - {fileID: 56147641899960510}
  - {fileID: 4523281447302378274}
  - {fileID: 5284435132158965634}
  - {fileID: 320500906535170244}
--- !u!1 &3284611356699184148
GameObject:
  m_ObjectHideFlags: 0
  m_CorrespondingSourceObject: {fileID: 0}
  m_PrefabInstance: {fileID: 0}
  m_PrefabAsset: {fileID: 0}
  serializedVersion: 6
  m_Component:
  - component: {fileID: 1732861544302273352}
  - component: {fileID: 4523281447302378274}
  - component: {fileID: 4001230050717668371}
  m_Layer: 12
  m_Name: Custom2DField
  m_TagString: Untagged
  m_Icon: {fileID: 0}
  m_NavMeshLayer: 0
  m_StaticEditorFlags: 0
  m_IsActive: 1
--- !u!4 &1732861544302273352
Transform:
  m_ObjectHideFlags: 0
  m_CorrespondingSourceObject: {fileID: 0}
  m_PrefabInstance: {fileID: 0}
  m_PrefabAsset: {fileID: 0}
  m_GameObject: {fileID: 3284611356699184148}
  m_LocalRotation: {x: 0.7071068, y: -0, z: -0, w: 0.7071068}
  m_LocalPosition: {x: 0.4, y: 0.96, z: -0.4}
  m_LocalScale: {x: 1, y: 1, z: 1}
  m_Children: []
  m_Father: {fileID: 3688427530217292110}
  m_RootOrder: 1
  m_LocalEulerAnglesHint: {x: 0, y: 0, z: 0}
--- !u!114 &4523281447302378274
MonoBehaviour:
  m_ObjectHideFlags: 0
  m_CorrespondingSourceObject: {fileID: 0}
  m_PrefabInstance: {fileID: 0}
  m_PrefabAsset: {fileID: 0}
  m_GameObject: {fileID: 3284611356699184148}
  m_Enabled: 1
  m_EditorHideFlags: 0
  m_Script: {fileID: 11500000, guid: 616267e32080e4b8dac3ff19dbc8c958, type: 3}
  m_Name: 
  m_EditorClassIdentifier: 
  gridSize: {x: 2, y: 2}
  fieldType: 0
  kind: 1
  connections:
  - connectionType: 22
    quadrants: 1
    index: 0
    flags: 1
    field: {fileID: 4523281447302378274}
    knob: {fileID: 0}
    tubes: []
  - connectionType: 22
    quadrants: 2
    index: 1
    flags: 1
    field: {fileID: 4523281447302378274}
    knob: {fileID: 0}
    tubes: []
  - connectionType: 22
    quadrants: 1
    index: 2
    flags: 1
    field: {fileID: 4523281447302378274}
    knob: {fileID: 0}
    tubes: []
  - connectionType: 22
    quadrants: 2
    index: 3
    flags: 1
    field: {fileID: 4523281447302378274}
    knob: {fileID: 0}
    tubes: []
  - connectionType: 15
    quadrants: 4
    index: 4
    flags: 2
    field: {fileID: 4523281447302378274}
    knob: {fileID: 0}
    tubes: []
  - connectionType: 22
    quadrants: 2
    index: 5
    flags: 1
    field: {fileID: 4523281447302378274}
    knob: {fileID: 0}
    tubes: []
  - connectionType: 22
    quadrants: 1
    index: 6
    flags: 1
    field: {fileID: 4523281447302378274}
    knob: {fileID: 0}
    tubes: []
  - connectionType: 22
    quadrants: 2
    index: 7
    flags: 1
    field: {fileID: 4523281447302378274}
    knob: {fileID: 0}
    tubes: []
  - connectionType: 22
    quadrants: 1
    index: 8
    flags: 1
    field: {fileID: 4523281447302378274}
    knob: {fileID: 0}
    tubes: []
  connectivity: {fileID: 6282022110705071389}
  connected: 
  connectableConnections: 1
  connectedTo:
  - field: {fileID: 0}
    indexOfConnection: 0
  - field: {fileID: 0}
    indexOfConnection: 0
  - field: {fileID: 0}
    indexOfConnection: 0
  - field: {fileID: 0}
    indexOfConnection: 0
  - field: {fileID: 0}
    indexOfConnection: 0
  - field: {fileID: 0}
    indexOfConnection: 0
  - field: {fileID: 0}
    indexOfConnection: 0
  - field: {fileID: 0}
    indexOfConnection: 0
  - field: {fileID: 0}
    indexOfConnection: 0
--- !u!65 &4001230050717668371
BoxCollider:
  m_ObjectHideFlags: 0
  m_CorrespondingSourceObject: {fileID: 0}
  m_PrefabInstance: {fileID: 0}
  m_PrefabAsset: {fileID: 0}
  m_GameObject: {fileID: 3284611356699184148}
  m_Material: {fileID: 0}
  m_IsTrigger: 1
  m_Enabled: 1
  serializedVersion: 2
  m_Size: {x: 1.1999999, y: 0.1, z: 1.1999999}
  m_Center: {x: -0.39999998, y: 0, z: 0.39999998}
--- !u!1 &3976760473259866317
GameObject:
  m_ObjectHideFlags: 0
  m_CorrespondingSourceObject: {fileID: 0}
  m_PrefabInstance: {fileID: 0}
  m_PrefabAsset: {fileID: 0}
  serializedVersion: 6
  m_Component:
  - component: {fileID: 230155347545219383}
  - component: {fileID: 56147641899960510}
  - component: {fileID: 1493831437427073854}
  m_Layer: 12
  m_Name: Custom2DField
  m_TagString: Untagged
  m_Icon: {fileID: 0}
  m_NavMeshLayer: 0
  m_StaticEditorFlags: 0
  m_IsActive: 1
--- !u!4 &230155347545219383
Transform:
  m_ObjectHideFlags: 0
  m_CorrespondingSourceObject: {fileID: 0}
  m_PrefabInstance: {fileID: 0}
  m_PrefabAsset: {fileID: 0}
  m_GameObject: {fileID: 3976760473259866317}
  m_LocalRotation: {x: -0, y: -0, z: -0, w: 1}
  m_LocalPosition: {x: 0.4, y: 0, z: -0.4}
  m_LocalScale: {x: 1, y: 1, z: 1}
  m_Children: []
  m_Father: {fileID: 3688427530217292110}
  m_RootOrder: 0
  m_LocalEulerAnglesHint: {x: 0, y: 0, z: 0}
--- !u!114 &56147641899960510
MonoBehaviour:
  m_ObjectHideFlags: 0
  m_CorrespondingSourceObject: {fileID: 0}
  m_PrefabInstance: {fileID: 0}
  m_PrefabAsset: {fileID: 0}
  m_GameObject: {fileID: 3976760473259866317}
  m_Enabled: 1
  m_EditorHideFlags: 0
  m_Script: {fileID: 11500000, guid: 616267e32080e4b8dac3ff19dbc8c958, type: 3}
  m_Name: 
  m_EditorClassIdentifier: 
  gridSize: {x: 2, y: 2}
  fieldType: 0
  kind: 1
  connections:
  - connectionType: 22
    quadrants: 1
    index: 0
    flags: 1
    field: {fileID: 56147641899960510}
    knob: {fileID: 0}
    tubes: []
  - connectionType: 22
    quadrants: 2
    index: 1
    flags: 1
    field: {fileID: 56147641899960510}
    knob: {fileID: 0}
    tubes: []
  - connectionType: 22
    quadrants: 1
    index: 2
    flags: 1
    field: {fileID: 56147641899960510}
    knob: {fileID: 0}
    tubes: []
  - connectionType: 22
    quadrants: 2
    index: 3
    flags: 1
    field: {fileID: 56147641899960510}
    knob: {fileID: 0}
    tubes: []
  - connectionType: 15
    quadrants: 4
    index: 4
    flags: 1
    field: {fileID: 56147641899960510}
    knob: {fileID: 0}
    tubes: []
  - connectionType: 22
    quadrants: 2
    index: 5
    flags: 1
    field: {fileID: 56147641899960510}
    knob: {fileID: 0}
    tubes: []
  - connectionType: 22
    quadrants: 1
    index: 6
    flags: 1
    field: {fileID: 56147641899960510}
    knob: {fileID: 0}
    tubes: []
  - connectionType: 22
    quadrants: 2
    index: 7
    flags: 1
    field: {fileID: 56147641899960510}
    knob: {fileID: 0}
    tubes: []
  - connectionType: 22
    quadrants: 1
    index: 8
    flags: 1
    field: {fileID: 56147641899960510}
    knob: {fileID: 0}
    tubes: []
  connectivity: {fileID: 6282022110705071389}
  connected: 
  connectableConnections: 1
  connectedTo:
  - field: {fileID: 0}
    indexOfConnection: 0
  - field: {fileID: 0}
    indexOfConnection: 0
  - field: {fileID: 0}
    indexOfConnection: 0
  - field: {fileID: 0}
    indexOfConnection: 0
  - field: {fileID: 0}
    indexOfConnection: 0
  - field: {fileID: 0}
    indexOfConnection: 0
  - field: {fileID: 0}
    indexOfConnection: 0
  - field: {fileID: 0}
    indexOfConnection: 0
  - field: {fileID: 0}
    indexOfConnection: 0
--- !u!65 &1493831437427073854
BoxCollider:
  m_ObjectHideFlags: 0
  m_CorrespondingSourceObject: {fileID: 0}
  m_PrefabInstance: {fileID: 0}
  m_PrefabAsset: {fileID: 0}
  m_GameObject: {fileID: 3976760473259866317}
  m_Material: {fileID: 0}
  m_IsTrigger: 1
  m_Enabled: 1
  serializedVersion: 2
  m_Size: {x: 1.1999999, y: 0.1, z: 1.1999999}
  m_Center: {x: -0.39999998, y: 0, z: 0.39999998}
--- !u!1 &7096359747689906109
GameObject:
  m_ObjectHideFlags: 0
  m_CorrespondingSourceObject: {fileID: 0}
  m_PrefabInstance: {fileID: 0}
  m_PrefabAsset: {fileID: 0}
  serializedVersion: 6
  m_Component:
  - component: {fileID: 8228206780138489865}
  - component: {fileID: 320500906535170244}
  - component: {fileID: 3299465677857298173}
  m_Layer: 13
  m_Name: Custom2DField
  m_TagString: Untagged
  m_Icon: {fileID: 0}
  m_NavMeshLayer: 0
  m_StaticEditorFlags: 0
  m_IsActive: 1
--- !u!4 &8228206780138489865
Transform:
  m_ObjectHideFlags: 0
  m_CorrespondingSourceObject: {fileID: 0}
  m_PrefabInstance: {fileID: 0}
  m_PrefabAsset: {fileID: 0}
  m_GameObject: {fileID: 7096359747689906109}
  m_LocalRotation: {x: 0.7071068, y: -0, z: -0, w: 0.7071068}
  m_LocalPosition: {x: 0.4, y: 0.96, z: 0.24}
  m_LocalScale: {x: 1, y: 1, z: 1}
  m_Children: []
  m_Father: {fileID: 3688427530217292110}
  m_RootOrder: 3
  m_LocalEulerAnglesHint: {x: 0, y: 0, z: 0}
--- !u!114 &320500906535170244
MonoBehaviour:
  m_ObjectHideFlags: 0
  m_CorrespondingSourceObject: {fileID: 0}
  m_PrefabInstance: {fileID: 0}
  m_PrefabAsset: {fileID: 0}
  m_GameObject: {fileID: 7096359747689906109}
  m_Enabled: 1
  m_EditorHideFlags: 0
  m_Script: {fileID: 11500000, guid: 616267e32080e4b8dac3ff19dbc8c958, type: 3}
  m_Name: 
  m_EditorClassIdentifier: 
  gridSize: {x: 2, y: 2}
  fieldType: 0
  kind: 0
  connections:
  - connectionType: 29
    quadrants: 0
    index: 0
    flags: 1
    field: {fileID: 320500906535170244}
    knob: {fileID: 0}
    tubes: []
  - connectionType: 23
    quadrants: 4
    index: 1
    flags: 1
    field: {fileID: 320500906535170244}
    knob: {fileID: 0}
    tubes: []
  - connectionType: 29
    quadrants: 0
    index: 2
    flags: 1
    field: {fileID: 320500906535170244}
    knob: {fileID: 0}
    tubes: []
  - connectionType: 23
    quadrants: 4
    index: 3
    flags: 1
    field: {fileID: 320500906535170244}
    knob: {fileID: 0}
    tubes: []
  - connectionType: 1
    quadrants: 4
    index: 4
    flags: 6
    field: {fileID: 320500906535170244}
    knob: {fileID: 0}
    tubes: []
  - connectionType: 23
    quadrants: 4
    index: 5
    flags: 1
    field: {fileID: 320500906535170244}
    knob: {fileID: 0}
    tubes: []
  - connectionType: 29
    quadrants: 0
    index: 6
    flags: 1
    field: {fileID: 320500906535170244}
    knob: {fileID: 0}
    tubes: []
  - connectionType: 29
    quadrants: 0
    index: 7
    flags: 1
    field: {fileID: 320500906535170244}
    knob: {fileID: 0}
    tubes: []
  - connectionType: 29
    quadrants: 0
    index: 8
    flags: 1
    field: {fileID: 320500906535170244}
    knob: {fileID: 0}
    tubes: []
  connectivity: {fileID: 6282022110705071389}
  connected: 
  connectableConnections: 1
  connectedTo:
  - field: {fileID: 0}
    indexOfConnection: 0
  - field: {fileID: 0}
    indexOfConnection: 0
  - field: {fileID: 0}
    indexOfConnection: 0
  - field: {fileID: 0}
    indexOfConnection: 0
  - field: {fileID: 0}
    indexOfConnection: 0
  - field: {fileID: 0}
    indexOfConnection: 0
  - field: {fileID: 0}
    indexOfConnection: 0
  - field: {fileID: 0}
    indexOfConnection: 0
  - field: {fileID: 0}
    indexOfConnection: 0
--- !u!65 &3299465677857298173
BoxCollider:
  m_ObjectHideFlags: 0
  m_CorrespondingSourceObject: {fileID: 0}
  m_PrefabInstance: {fileID: 0}
  m_PrefabAsset: {fileID: 0}
  m_GameObject: {fileID: 7096359747689906109}
  m_Material: {fileID: 0}
  m_IsTrigger: 1
  m_Enabled: 1
  serializedVersion: 2
  m_Size: {x: 1.1999999, y: 0.1, z: 1.1999999}
  m_Center: {x: -0.39999998, y: 0, z: 0.39999998}
