%YAML 1.1
%TAG !u! tag:unity3d.com,2011:
--- !u!1 &761446282260506679
GameObject:
  m_ObjectHideFlags: 0
  m_CorrespondingSourceObject: {fileID: 0}
  m_PrefabInstance: {fileID: 0}
  m_PrefabAsset: {fileID: 0}
  serializedVersion: 6
  m_Component:
  - component: {fileID: 4535103272532338062}
  - component: {fileID: 8685370419249287447}
  - component: {fileID: 6289095972103616516}
  m_Layer: 13
  m_Name: Custom2DField
  m_TagString: Untagged
  m_Icon: {fileID: 0}
  m_NavMeshLayer: 0
  m_StaticEditorFlags: 0
  m_IsActive: 1
--- !u!4 &4535103272532338062
Transform:
  m_ObjectHideFlags: 0
  m_CorrespondingSourceObject: {fileID: 0}
  m_PrefabInstance: {fileID: 0}
  m_PrefabAsset: {fileID: 0}
  m_GameObject: {fileID: 761446282260506679}
  m_LocalRotation: {x: -0, y: -0, z: -0, w: 1}
  m_LocalPosition: {x: 0.4, y: 0.32, z: -0.4}
  m_LocalScale: {x: 1, y: 1, z: 1}
  m_Children: []
  m_Father: {fileID: 91172465196748244}
  m_RootOrder: 0
  m_LocalEulerAnglesHint: {x: 0, y: 0, z: 0}
--- !u!114 &8685370419249287447
MonoBehaviour:
  m_ObjectHideFlags: 0
  m_CorrespondingSourceObject: {fileID: 0}
  m_PrefabInstance: {fileID: 0}
  m_PrefabAsset: {fileID: 0}
  m_GameObject: {fileID: 761446282260506679}
  m_Enabled: 1
  m_EditorHideFlags: 0
  m_Script: {fileID: 11500000, guid: 616267e32080e4b8dac3ff19dbc8c958, type: 3}
  m_Name: 
  m_EditorClassIdentifier: 
  gridSize: {x: 4, y: 2}
  fieldType: 0
  kind: 0
  connections:
  - connectionType: 18
    quadrants: 1
    index: 0
    flags: 1
    field: {fileID: 8685370419249287447}
    knob: {fileID: 0}
    tubes: []
  - connectionType: 23
    quadrants: 4
    index: 1
    flags: 1
    field: {fileID: 8685370419249287447}
    knob: {fileID: 0}
    tubes: []
  - connectionType: 29
    quadrants: 0
    index: 2
    flags: 1
    field: {fileID: 8685370419249287447}
    knob: {fileID: 0}
    tubes: []
  - connectionType: 23
    quadrants: 4
    index: 3
    flags: 1
    field: {fileID: 8685370419249287447}
    knob: {fileID: 0}
    tubes: []
  - connectionType: 18
    quadrants: 1
    index: 4
    flags: 1
    field: {fileID: 8685370419249287447}
    knob: {fileID: 0}
    tubes: []
  - connectionType: 23
    quadrants: 4
    index: 5
    flags: 1
    field: {fileID: 8685370419249287447}
    knob: {fileID: 0}
    tubes: []
  - connectionType: 0
    quadrants: 4
    index: 6
    flags: 1
    field: {fileID: 8685370419249287447}
    knob: {fileID: 0}
    tubes: []
  - connectionType: 23
    quadrants: 4
    index: 7
    flags: 1
    field: {fileID: 8685370419249287447}
    knob: {fileID: 0}
    tubes: []
  - connectionType: 0
    quadrants: 4
    index: 8
    flags: 1
    field: {fileID: 8685370419249287447}
    knob: {fileID: 0}
    tubes: []
  - connectionType: 23
    quadrants: 4
    index: 9
    flags: 1
    field: {fileID: 8685370419249287447}
    knob: {fileID: 0}
    tubes: []
  - connectionType: 18
    quadrants: 1
    index: 10
    flags: 1
    field: {fileID: 8685370419249287447}
    knob: {fileID: 0}
    tubes: []
  - connectionType: 23
    quadrants: 4
    index: 11
    flags: 1
    field: {fileID: 8685370419249287447}
    knob: {fileID: 0}
    tubes: []
  - connectionType: 18
    quadrants: 2
    index: 12
    flags: 1
    field: {fileID: 8685370419249287447}
    knob: {fileID: 0}
    tubes: []
  - connectionType: 23
    quadrants: 4
    index: 13
    flags: 1
    field: {fileID: 8685370419249287447}
    knob: {fileID: 0}
    tubes: []
  - connectionType: 18
    quadrants: 1
    index: 14
    flags: 1
    field: {fileID: 8685370419249287447}
    knob: {fileID: 0}
    tubes: []
  connectivity: {fileID: 4012999317517902850}
  connected: 
  connectableConnections: 7
  connectedTo:
  - field: {fileID: 0}
    indexOfConnection: 0
  - field: {fileID: 0}
    indexOfConnection: 0
  - field: {fileID: 0}
    indexOfConnection: 0
  - field: {fileID: 0}
    indexOfConnection: 0
  - field: {fileID: 0}
    indexOfConnection: 0
  - field: {fileID: 0}
    indexOfConnection: 0
  - field: {fileID: 0}
    indexOfConnection: 0
  - field: {fileID: 0}
    indexOfConnection: 0
  - field: {fileID: 0}
    indexOfConnection: 0
  - field: {fileID: 0}
    indexOfConnection: 0
  - field: {fileID: 0}
    indexOfConnection: 0
  - field: {fileID: 0}
    indexOfConnection: 0
  - field: {fileID: 0}
    indexOfConnection: 0
  - field: {fileID: 0}
    indexOfConnection: 0
  - field: {fileID: 0}
    indexOfConnection: 0
--- !u!65 &6289095972103616516
BoxCollider:
  m_ObjectHideFlags: 0
  m_CorrespondingSourceObject: {fileID: 0}
  m_PrefabInstance: {fileID: 0}
  m_PrefabAsset: {fileID: 0}
  m_GameObject: {fileID: 761446282260506679}
  m_Material: {fileID: 0}
  m_IsTrigger: 1
  m_Enabled: 1
  serializedVersion: 2
  m_Size: {x: 1.9999999, y: 0.1, z: 1.1999999}
  m_Center: {x: -0.79999995, y: 0, z: 0.39999998}
--- !u!1 &923055555889789785
GameObject:
  m_ObjectHideFlags: 0
  m_CorrespondingSourceObject: {fileID: 0}
  m_PrefabInstance: {fileID: 0}
  m_PrefabAsset: {fileID: 0}
  serializedVersion: 6
  m_Component:
  - component: {fileID: 91172465196748244}
  - component: {fileID: 4012999317517902850}
  m_Layer: 0
  m_Name: 4079
  m_TagString: Untagged
  m_Icon: {fileID: 0}
  m_NavMeshLayer: 0
  m_StaticEditorFlags: 0
  m_IsActive: 1
--- !u!4 &91172465196748244
Transform:
  m_ObjectHideFlags: 0
  m_CorrespondingSourceObject: {fileID: 0}
  m_PrefabInstance: {fileID: 0}
  m_PrefabAsset: {fileID: 0}
  m_GameObject: {fileID: 923055555889789785}
  m_LocalRotation: {x: 0, y: 0, z: 0, w: 1}
  m_LocalPosition: {x: 0, y: 0, z: 0}
  m_LocalScale: {x: 1, y: 1, z: 1}
  m_Children:
  - {fileID: 4535103272532338062}
  - {fileID: 4143330138649988259}
  m_Father: {fileID: 0}
  m_RootOrder: 0
  m_LocalEulerAnglesHint: {x: 0, y: 0, z: 0}
--- !u!114 &4012999317517902850
MonoBehaviour:
  m_ObjectHideFlags: 0
  m_CorrespondingSourceObject: {fileID: 0}
  m_PrefabInstance: {fileID: 0}
  m_PrefabAsset: {fileID: 0}
  m_GameObject: {fileID: 923055555889789785}
  m_Enabled: 1
  m_EditorHideFlags: 0
  m_Script: {fileID: 11500000, guid: deb893d6bf2c95a45938bd55b2e051a8, type: 3}
  m_Name: 
  m_EditorClassIdentifier: 
  version: 1
  part: {fileID: 0}
  extents:
    m_Center: {x: -0.4, y: 0.96, z: -0.52501}
    m_Extent: {x: -0.8, y: 0.96, z: 0.92500997}
  connectionFields:
  - {fileID: 8685370419249287447}
  - {fileID: 3858456328247409071}
--- !u!1 &1312038692750190021
GameObject:
  m_ObjectHideFlags: 0
  m_CorrespondingSourceObject: {fileID: 0}
  m_PrefabInstance: {fileID: 0}
  m_PrefabAsset: {fileID: 0}
  serializedVersion: 6
  m_Component:
  - component: {fileID: 4143330138649988259}
  - component: {fileID: 3858456328247409071}
  - component: {fileID: 5995445977350346376}
  m_Layer: 12
  m_Name: Custom2DField
  m_TagString: Untagged
  m_Icon: {fileID: 0}
  m_NavMeshLayer: 0
  m_StaticEditorFlags: 0
  m_IsActive: 1
--- !u!4 &4143330138649988259
Transform:
  m_ObjectHideFlags: 0
  m_CorrespondingSourceObject: {fileID: 0}
  m_PrefabInstance: {fileID: 0}
  m_PrefabAsset: {fileID: 0}
  m_GameObject: {fileID: 1312038692750190021}
  m_LocalRotation: {x: -0, y: -0, z: -0, w: 1}
  m_LocalPosition: {x: 0.4, y: 0, z: -1.2}
  m_LocalScale: {x: 1, y: 1, z: 1}
  m_Children: []
  m_Father: {fileID: 91172465196748244}
  m_RootOrder: 1
  m_LocalEulerAnglesHint: {x: 0, y: 0, z: 0}
--- !u!114 &3858456328247409071
MonoBehaviour:
  m_ObjectHideFlags: 0
  m_CorrespondingSourceObject: {fileID: 0}
  m_PrefabInstance: {fileID: 0}
  m_PrefabAsset: {fileID: 0}
  m_GameObject: {fileID: 1312038692750190021}
  m_Enabled: 1
  m_EditorHideFlags: 0
  m_Script: {fileID: 11500000, guid: 616267e32080e4b8dac3ff19dbc8c958, type: 3}
  m_Name: 
  m_EditorClassIdentifier: 
  gridSize: {x: 4, y: 4}
  fieldType: 0
  kind: 1
  connections:
  - connectionType: 22
    quadrants: 1
    index: 0
    flags: 1
    field: {fileID: 3858456328247409071}
    knob: {fileID: 0}
    tubes: []
  - connectionType: 22
    quadrants: 2
    index: 1
    flags: 1
    field: {fileID: 3858456328247409071}
    knob: {fileID: 0}
    tubes: []
  - connectionType: 22
    quadrants: 2
    index: 2
    flags: 1
    field: {fileID: 3858456328247409071}
    knob: {fileID: 0}
    tubes: []
  - connectionType: 22
    quadrants: 2
    index: 3
    flags: 1
    field: {fileID: 3858456328247409071}
    knob: {fileID: 0}
    tubes: []
  - connectionType: 22
    quadrants: 1
    index: 4
    flags: 1
    field: {fileID: 3858456328247409071}
    knob: {fileID: 0}
    tubes: []
  - connectionType: 22
    quadrants: 2
    index: 5
    flags: 1
    field: {fileID: 3858456328247409071}
    knob: {fileID: 0}
    tubes: []
  - connectionType: 15
    quadrants: 4
    index: 6
    flags: 1
    field: {fileID: 3858456328247409071}
    knob: {fileID: 0}
    tubes: []
  - connectionType: 23
    quadrants: 4
    index: 7
    flags: 1
    field: {fileID: 3858456328247409071}
    knob: {fileID: 0}
    tubes: []
  - connectionType: 15
    quadrants: 4
    index: 8
    flags: 1
    field: {fileID: 3858456328247409071}
    knob: {fileID: 0}
    tubes: []
  - connectionType: 22
    quadrants: 2
    index: 9
    flags: 1
    field: {fileID: 3858456328247409071}
    knob: {fileID: 0}
    tubes: []
  - connectionType: 22
    quadrants: 2
    index: 10
    flags: 1
    field: {fileID: 3858456328247409071}
    knob: {fileID: 0}
    tubes: []
  - connectionType: 23
    quadrants: 4
    index: 11
    flags: 1
    field: {fileID: 3858456328247409071}
    knob: {fileID: 0}
    tubes: []
  - connectionType: 7
    quadrants: 4
    index: 12
    flags: 1
    field: {fileID: 3858456328247409071}
    knob: {fileID: 0}
    tubes: []
  - connectionType: 23
    quadrants: 4
    index: 13
    flags: 1
    field: {fileID: 3858456328247409071}
    knob: {fileID: 0}
    tubes: []
  - connectionType: 22
    quadrants: 2
    index: 14
    flags: 1
    field: {fileID: 3858456328247409071}
    knob: {fileID: 0}
    tubes: []
  - connectionType: 22
    quadrants: 2
    index: 15
    flags: 1
    field: {fileID: 3858456328247409071}
    knob: {fileID: 0}
    tubes: []
  - connectionType: 15
    quadrants: 4
    index: 16
    flags: 2
    field: {fileID: 3858456328247409071}
    knob: {fileID: 0}
    tubes: []
  - connectionType: 23
    quadrants: 4
    index: 17
    flags: 1
    field: {fileID: 3858456328247409071}
    knob: {fileID: 0}
    tubes: []
  - connectionType: 15
    quadrants: 4
    index: 18
    flags: 2
    field: {fileID: 3858456328247409071}
    knob: {fileID: 0}
    tubes: []
  - connectionType: 22
    quadrants: 2
    index: 19
    flags: 1
    field: {fileID: 3858456328247409071}
    knob: {fileID: 0}
    tubes: []
  - connectionType: 22
    quadrants: 1
    index: 20
    flags: 1
    field: {fileID: 3858456328247409071}
    knob: {fileID: 0}
    tubes: []
  - connectionType: 22
    quadrants: 2
    index: 21
    flags: 1
    field: {fileID: 3858456328247409071}
    knob: {fileID: 0}
    tubes: []
  - connectionType: 22
    quadrants: 2
    index: 22
    flags: 1
    field: {fileID: 3858456328247409071}
    knob: {fileID: 0}
    tubes: []
  - connectionType: 22
    quadrants: 2
    index: 23
    flags: 1
    field: {fileID: 3858456328247409071}
    knob: {fileID: 0}
    tubes: []
  - connectionType: 22
    quadrants: 1
    index: 24
    flags: 1
    field: {fileID: 3858456328247409071}
    knob: {fileID: 0}
    tubes: []
  connectivity: {fileID: 4012999317517902850}
  connected: 
  connectableConnections: 5
  connectedTo:
  - field: {fileID: 0}
    indexOfConnection: 0
  - field: {fileID: 0}
    indexOfConnection: 0
  - field: {fileID: 0}
    indexOfConnection: 0
  - field: {fileID: 0}
    indexOfConnection: 0
  - field: {fileID: 0}
    indexOfConnection: 0
  - field: {fileID: 0}
    indexOfConnection: 0
  - field: {fileID: 0}
    indexOfConnection: 0
  - field: {fileID: 0}
    indexOfConnection: 0
  - field: {fileID: 0}
    indexOfConnection: 0
  - field: {fileID: 0}
    indexOfConnection: 0
  - field: {fileID: 0}
    indexOfConnection: 0
  - field: {fileID: 0}
    indexOfConnection: 0
  - field: {fileID: 0}
    indexOfConnection: 0
  - field: {fileID: 0}
    indexOfConnection: 0
  - field: {fileID: 0}
    indexOfConnection: 0
  - field: {fileID: 0}
    indexOfConnection: 0
  - field: {fileID: 0}
    indexOfConnection: 0
  - field: {fileID: 0}
    indexOfConnection: 0
  - field: {fileID: 0}
    indexOfConnection: 0
  - field: {fileID: 0}
    indexOfConnection: 0
  - field: {fileID: 0}
    indexOfConnection: 0
  - field: {fileID: 0}
    indexOfConnection: 0
  - field: {fileID: 0}
    indexOfConnection: 0
  - field: {fileID: 0}
    indexOfConnection: 0
  - field: {fileID: 0}
    indexOfConnection: 0
--- !u!65 &5995445977350346376
BoxCollider:
  m_ObjectHideFlags: 0
  m_CorrespondingSourceObject: {fileID: 0}
  m_PrefabInstance: {fileID: 0}
  m_PrefabAsset: {fileID: 0}
  m_GameObject: {fileID: 1312038692750190021}
  m_Material: {fileID: 0}
  m_IsTrigger: 1
  m_Enabled: 1
  serializedVersion: 2
  m_Size: {x: 1.9999999, y: 0.1, z: 1.9999999}
  m_Center: {x: -0.79999995, y: 0, z: 0.79999995}
