%YAML 1.1
%TAG !u! tag:unity3d.com,2011:
--- !u!1 &138899571337961741
GameObject:
  m_ObjectHideFlags: 0
  m_CorrespondingSourceObject: {fileID: 0}
  m_PrefabInstance: {fileID: 0}
  m_PrefabAsset: {fileID: 0}
  serializedVersion: 6
  m_Component:
  - component: {fileID: 6829655478648102657}
  - component: {fileID: 7879867331070601465}
  - component: {fileID: 8752605902950936138}
  m_Layer: 12
  m_Name: Custom2DField
  m_TagString: Untagged
  m_Icon: {fileID: 0}
  m_NavMeshLayer: 0
  m_StaticEditorFlags: 0
  m_IsActive: 1
--- !u!4 &6829655478648102657
Transform:
  m_ObjectHideFlags: 0
  m_CorrespondingSourceObject: {fileID: 0}
  m_PrefabInstance: {fileID: 0}
  m_PrefabAsset: {fileID: 0}
  m_GameObject: {fileID: 138899571337961741}
  m_LocalRotation: {x: -0, y: -0, z: -0, w: 1}
  m_LocalPosition: {x: 0.4, y: 0, z: -0.4}
  m_LocalScale: {x: 1, y: 1, z: 1}
  m_Children: []
  m_Father: {fileID: 6798632148639631869}
  m_RootOrder: 0
  m_LocalEulerAnglesHint: {x: 0, y: 0, z: 0}
--- !u!114 &7879867331070601465
MonoBehaviour:
  m_ObjectHideFlags: 0
  m_CorrespondingSourceObject: {fileID: 0}
  m_PrefabInstance: {fileID: 0}
  m_PrefabAsset: {fileID: 0}
  m_GameObject: {fileID: 138899571337961741}
  m_Enabled: 1
  m_EditorHideFlags: 0
  m_Script: {fileID: 11500000, guid: 616267e32080e4b8dac3ff19dbc8c958, type: 3}
  m_Name: 
  m_EditorClassIdentifier: 
  gridSize: {x: 16, y: 4}
  fieldType: 0
  kind: 1
  connections:
  - connectionType: 22
    quadrants: 1
    index: 0
    flags: 1
    field: {fileID: 7879867331070601465}
    knob: {fileID: 0}
    tubes: []
  - connectionType: 22
    quadrants: 2
    index: 1
    flags: 1
    field: {fileID: 7879867331070601465}
    knob: {fileID: 0}
    tubes: []
  - connectionType: 22
    quadrants: 2
    index: 2
    flags: 1
    field: {fileID: 7879867331070601465}
    knob: {fileID: 0}
    tubes: []
  - connectionType: 22
    quadrants: 2
    index: 3
    flags: 1
    field: {fileID: 7879867331070601465}
    knob: {fileID: 0}
    tubes: []
  - connectionType: 22
    quadrants: 2
    index: 4
    flags: 1
    field: {fileID: 7879867331070601465}
    knob: {fileID: 0}
    tubes: []
  - connectionType: 22
    quadrants: 2
    index: 5
    flags: 1
    field: {fileID: 7879867331070601465}
    knob: {fileID: 0}
    tubes: []
  - connectionType: 22
    quadrants: 2
    index: 6
    flags: 1
    field: {fileID: 7879867331070601465}
    knob: {fileID: 0}
    tubes: []
  - connectionType: 22
    quadrants: 2
    index: 7
    flags: 1
    field: {fileID: 7879867331070601465}
    knob: {fileID: 0}
    tubes: []
  - connectionType: 22
    quadrants: 2
    index: 8
    flags: 1
    field: {fileID: 7879867331070601465}
    knob: {fileID: 0}
    tubes: []
  - connectionType: 22
    quadrants: 2
    index: 9
    flags: 1
    field: {fileID: 7879867331070601465}
    knob: {fileID: 0}
    tubes: []
  - connectionType: 22
    quadrants: 2
    index: 10
    flags: 1
    field: {fileID: 7879867331070601465}
    knob: {fileID: 0}
    tubes: []
  - connectionType: 22
    quadrants: 2
    index: 11
    flags: 1
    field: {fileID: 7879867331070601465}
    knob: {fileID: 0}
    tubes: []
  - connectionType: 22
    quadrants: 2
    index: 12
    flags: 1
    field: {fileID: 7879867331070601465}
    knob: {fileID: 0}
    tubes: []
  - connectionType: 22
    quadrants: 2
    index: 13
    flags: 1
    field: {fileID: 7879867331070601465}
    knob: {fileID: 0}
    tubes: []
  - connectionType: 22
    quadrants: 2
    index: 14
    flags: 1
    field: {fileID: 7879867331070601465}
    knob: {fileID: 0}
    tubes: []
  - connectionType: 22
    quadrants: 2
    index: 15
    flags: 1
    field: {fileID: 7879867331070601465}
    knob: {fileID: 0}
    tubes: []
  - connectionType: 22
    quadrants: 1
    index: 16
    flags: 1
    field: {fileID: 7879867331070601465}
    knob: {fileID: 0}
    tubes: []
  - connectionType: 22
    quadrants: 2
    index: 17
    flags: 1
    field: {fileID: 7879867331070601465}
    knob: {fileID: 0}
    tubes: []
  - connectionType: 15
    quadrants: 4
    index: 18
    flags: 1
    field: {fileID: 7879867331070601465}
    knob: {fileID: 0}
    tubes: []
  - connectionType: 9
    quadrants: 4
    index: 19
    flags: 1
    field: {fileID: 7879867331070601465}
    knob: {fileID: 0}
    tubes: []
  - connectionType: 15
    quadrants: 4
    index: 20
    flags: 1
    field: {fileID: 7879867331070601465}
    knob: {fileID: 0}
    tubes: []
  - connectionType: 9
    quadrants: 4
    index: 21
    flags: 1
    field: {fileID: 7879867331070601465}
    knob: {fileID: 0}
    tubes: []
  - connectionType: 15
    quadrants: 4
    index: 22
    flags: 1
    field: {fileID: 7879867331070601465}
    knob: {fileID: 0}
    tubes: []
  - connectionType: 9
    quadrants: 4
    index: 23
    flags: 1
    field: {fileID: 7879867331070601465}
    knob: {fileID: 0}
    tubes: []
  - connectionType: 15
    quadrants: 4
    index: 24
    flags: 1
    field: {fileID: 7879867331070601465}
    knob: {fileID: 0}
    tubes: []
  - connectionType: 9
    quadrants: 4
    index: 25
    flags: 1
    field: {fileID: 7879867331070601465}
    knob: {fileID: 0}
    tubes: []
  - connectionType: 15
    quadrants: 4
    index: 26
    flags: 1
    field: {fileID: 7879867331070601465}
    knob: {fileID: 0}
    tubes: []
  - connectionType: 9
    quadrants: 4
    index: 27
    flags: 1
    field: {fileID: 7879867331070601465}
    knob: {fileID: 0}
    tubes: []
  - connectionType: 15
    quadrants: 4
    index: 28
    flags: 1
    field: {fileID: 7879867331070601465}
    knob: {fileID: 0}
    tubes: []
  - connectionType: 9
    quadrants: 4
    index: 29
    flags: 1
    field: {fileID: 7879867331070601465}
    knob: {fileID: 0}
    tubes: []
  - connectionType: 15
    quadrants: 4
    index: 30
    flags: 1
    field: {fileID: 7879867331070601465}
    knob: {fileID: 0}
    tubes: []
  - connectionType: 9
    quadrants: 4
    index: 31
    flags: 1
    field: {fileID: 7879867331070601465}
    knob: {fileID: 0}
    tubes: []
  - connectionType: 15
    quadrants: 4
    index: 32
    flags: 1
    field: {fileID: 7879867331070601465}
    knob: {fileID: 0}
    tubes: []
  - connectionType: 22
    quadrants: 2
    index: 33
    flags: 1
    field: {fileID: 7879867331070601465}
    knob: {fileID: 0}
    tubes: []
  - connectionType: 22
    quadrants: 2
    index: 34
    flags: 1
    field: {fileID: 7879867331070601465}
    knob: {fileID: 0}
    tubes: []
  - connectionType: 22
    quadrants: 2
    index: 35
    flags: 1
    field: {fileID: 7879867331070601465}
    knob: {fileID: 0}
    tubes: []
  - connectionType: 22
    quadrants: 2
    index: 36
    flags: 1
    field: {fileID: 7879867331070601465}
    knob: {fileID: 0}
    tubes: []
  - connectionType: 22
    quadrants: 2
    index: 37
    flags: 1
    field: {fileID: 7879867331070601465}
    knob: {fileID: 0}
    tubes: []
  - connectionType: 22
    quadrants: 2
    index: 38
    flags: 1
    field: {fileID: 7879867331070601465}
    knob: {fileID: 0}
    tubes: []
  - connectionType: 22
    quadrants: 2
    index: 39
    flags: 1
    field: {fileID: 7879867331070601465}
    knob: {fileID: 0}
    tubes: []
  - connectionType: 22
    quadrants: 2
    index: 40
    flags: 1
    field: {fileID: 7879867331070601465}
    knob: {fileID: 0}
    tubes: []
  - connectionType: 22
    quadrants: 2
    index: 41
    flags: 1
    field: {fileID: 7879867331070601465}
    knob: {fileID: 0}
    tubes: []
  - connectionType: 22
    quadrants: 2
    index: 42
    flags: 1
    field: {fileID: 7879867331070601465}
    knob: {fileID: 0}
    tubes: []
  - connectionType: 22
    quadrants: 2
    index: 43
    flags: 1
    field: {fileID: 7879867331070601465}
    knob: {fileID: 0}
    tubes: []
  - connectionType: 22
    quadrants: 2
    index: 44
    flags: 1
    field: {fileID: 7879867331070601465}
    knob: {fileID: 0}
    tubes: []
  - connectionType: 22
    quadrants: 2
    index: 45
    flags: 1
    field: {fileID: 7879867331070601465}
    knob: {fileID: 0}
    tubes: []
  - connectionType: 22
    quadrants: 2
    index: 46
    flags: 1
    field: {fileID: 7879867331070601465}
    knob: {fileID: 0}
    tubes: []
  - connectionType: 22
    quadrants: 2
    index: 47
    flags: 1
    field: {fileID: 7879867331070601465}
    knob: {fileID: 0}
    tubes: []
  - connectionType: 22
    quadrants: 2
    index: 48
    flags: 1
    field: {fileID: 7879867331070601465}
    knob: {fileID: 0}
    tubes: []
  - connectionType: 22
    quadrants: 2
    index: 49
    flags: 1
    field: {fileID: 7879867331070601465}
    knob: {fileID: 0}
    tubes: []
  - connectionType: 22
    quadrants: 2
    index: 50
    flags: 1
    field: {fileID: 7879867331070601465}
    knob: {fileID: 0}
    tubes: []
  - connectionType: 22
    quadrants: 1
    index: 51
    flags: 1
    field: {fileID: 7879867331070601465}
    knob: {fileID: 0}
    tubes: []
  - connectionType: 22
    quadrants: 2
    index: 52
    flags: 1
    field: {fileID: 7879867331070601465}
    knob: {fileID: 0}
    tubes: []
  - connectionType: 22
    quadrants: 2
    index: 53
    flags: 1
    field: {fileID: 7879867331070601465}
    knob: {fileID: 0}
    tubes: []
  - connectionType: 22
    quadrants: 2
    index: 54
    flags: 1
    field: {fileID: 7879867331070601465}
    knob: {fileID: 0}
    tubes: []
  - connectionType: 22
    quadrants: 2
    index: 55
    flags: 1
    field: {fileID: 7879867331070601465}
    knob: {fileID: 0}
    tubes: []
  - connectionType: 22
    quadrants: 2
    index: 56
    flags: 1
    field: {fileID: 7879867331070601465}
    knob: {fileID: 0}
    tubes: []
  - connectionType: 22
    quadrants: 2
    index: 57
    flags: 1
    field: {fileID: 7879867331070601465}
    knob: {fileID: 0}
    tubes: []
  - connectionType: 22
    quadrants: 2
    index: 58
    flags: 1
    field: {fileID: 7879867331070601465}
    knob: {fileID: 0}
    tubes: []
  - connectionType: 22
    quadrants: 2
    index: 59
    flags: 1
    field: {fileID: 7879867331070601465}
    knob: {fileID: 0}
    tubes: []
  - connectionType: 22
    quadrants: 2
    index: 60
    flags: 1
    field: {fileID: 7879867331070601465}
    knob: {fileID: 0}
    tubes: []
  - connectionType: 22
    quadrants: 2
    index: 61
    flags: 1
    field: {fileID: 7879867331070601465}
    knob: {fileID: 0}
    tubes: []
  - connectionType: 22
    quadrants: 2
    index: 62
    flags: 1
    field: {fileID: 7879867331070601465}
    knob: {fileID: 0}
    tubes: []
  - connectionType: 22
    quadrants: 2
    index: 63
    flags: 1
    field: {fileID: 7879867331070601465}
    knob: {fileID: 0}
    tubes: []
  - connectionType: 22
    quadrants: 2
    index: 64
    flags: 1
    field: {fileID: 7879867331070601465}
    knob: {fileID: 0}
    tubes: []
  - connectionType: 22
    quadrants: 2
    index: 65
    flags: 1
    field: {fileID: 7879867331070601465}
    knob: {fileID: 0}
    tubes: []
  - connectionType: 22
    quadrants: 2
    index: 66
    flags: 1
    field: {fileID: 7879867331070601465}
    knob: {fileID: 0}
    tubes: []
  - connectionType: 22
    quadrants: 1
    index: 67
    flags: 1
    field: {fileID: 7879867331070601465}
    knob: {fileID: 0}
    tubes: []
  - connectionType: 29
    quadrants: 0
    index: 68
    flags: 1
    field: {fileID: 7879867331070601465}
    knob: {fileID: 0}
    tubes: []
  - connectionType: 29
    quadrants: 0
    index: 69
    flags: 1
    field: {fileID: 7879867331070601465}
    knob: {fileID: 0}
    tubes: []
  - connectionType: 29
    quadrants: 0
    index: 70
    flags: 1
    field: {fileID: 7879867331070601465}
    knob: {fileID: 0}
    tubes: []
  - connectionType: 29
    quadrants: 0
    index: 71
    flags: 1
    field: {fileID: 7879867331070601465}
    knob: {fileID: 0}
    tubes: []
  - connectionType: 29
    quadrants: 0
    index: 72
    flags: 1
    field: {fileID: 7879867331070601465}
    knob: {fileID: 0}
    tubes: []
  - connectionType: 29
    quadrants: 0
    index: 73
    flags: 1
    field: {fileID: 7879867331070601465}
    knob: {fileID: 0}
    tubes: []
  - connectionType: 29
    quadrants: 0
    index: 74
    flags: 1
    field: {fileID: 7879867331070601465}
    knob: {fileID: 0}
    tubes: []
  - connectionType: 29
    quadrants: 0
    index: 75
    flags: 1
    field: {fileID: 7879867331070601465}
    knob: {fileID: 0}
    tubes: []
  - connectionType: 29
    quadrants: 0
    index: 76
    flags: 1
    field: {fileID: 7879867331070601465}
    knob: {fileID: 0}
    tubes: []
  - connectionType: 29
    quadrants: 0
    index: 77
    flags: 1
    field: {fileID: 7879867331070601465}
    knob: {fileID: 0}
    tubes: []
  - connectionType: 29
    quadrants: 0
    index: 78
    flags: 1
    field: {fileID: 7879867331070601465}
    knob: {fileID: 0}
    tubes: []
  - connectionType: 29
    quadrants: 0
    index: 79
    flags: 1
    field: {fileID: 7879867331070601465}
    knob: {fileID: 0}
    tubes: []
  - connectionType: 29
    quadrants: 0
    index: 80
    flags: 1
    field: {fileID: 7879867331070601465}
    knob: {fileID: 0}
    tubes: []
  - connectionType: 29
    quadrants: 0
    index: 81
    flags: 1
    field: {fileID: 7879867331070601465}
    knob: {fileID: 0}
    tubes: []
  - connectionType: 29
    quadrants: 0
    index: 82
    flags: 1
    field: {fileID: 7879867331070601465}
    knob: {fileID: 0}
    tubes: []
  - connectionType: 29
    quadrants: 0
    index: 83
    flags: 1
    field: {fileID: 7879867331070601465}
    knob: {fileID: 0}
    tubes: []
  - connectionType: 29
    quadrants: 0
    index: 84
    flags: 1
    field: {fileID: 7879867331070601465}
    knob: {fileID: 0}
    tubes: []
  connectivity: {fileID: 2723648793065636667}
  connected: 
  connectableConnections: 15
  connectedTo:
  - field: {fileID: 0}
    indexOfConnection: 0
  - field: {fileID: 0}
    indexOfConnection: 0
  - field: {fileID: 0}
    indexOfConnection: 0
  - field: {fileID: 0}
    indexOfConnection: 0
  - field: {fileID: 0}
    indexOfConnection: 0
  - field: {fileID: 0}
    indexOfConnection: 0
  - field: {fileID: 0}
    indexOfConnection: 0
  - field: {fileID: 0}
    indexOfConnection: 0
  - field: {fileID: 0}
    indexOfConnection: 0
  - field: {fileID: 0}
    indexOfConnection: 0
  - field: {fileID: 0}
    indexOfConnection: 0
  - field: {fileID: 0}
    indexOfConnection: 0
  - field: {fileID: 0}
    indexOfConnection: 0
  - field: {fileID: 0}
    indexOfConnection: 0
  - field: {fileID: 0}
    indexOfConnection: 0
  - field: {fileID: 0}
    indexOfConnection: 0
  - field: {fileID: 0}
    indexOfConnection: 0
  - field: {fileID: 0}
    indexOfConnection: 0
  - field: {fileID: 0}
    indexOfConnection: 0
  - field: {fileID: 0}
    indexOfConnection: 0
  - field: {fileID: 0}
    indexOfConnection: 0
  - field: {fileID: 0}
    indexOfConnection: 0
  - field: {fileID: 0}
    indexOfConnection: 0
  - field: {fileID: 0}
    indexOfConnection: 0
  - field: {fileID: 0}
    indexOfConnection: 0
  - field: {fileID: 0}
    indexOfConnection: 0
  - field: {fileID: 0}
    indexOfConnection: 0
  - field: {fileID: 0}
    indexOfConnection: 0
  - field: {fileID: 0}
    indexOfConnection: 0
  - field: {fileID: 0}
    indexOfConnection: 0
  - field: {fileID: 0}
    indexOfConnection: 0
  - field: {fileID: 0}
    indexOfConnection: 0
  - field: {fileID: 0}
    indexOfConnection: 0
  - field: {fileID: 0}
    indexOfConnection: 0
  - field: {fileID: 0}
    indexOfConnection: 0
  - field: {fileID: 0}
    indexOfConnection: 0
  - field: {fileID: 0}
    indexOfConnection: 0
  - field: {fileID: 0}
    indexOfConnection: 0
  - field: {fileID: 0}
    indexOfConnection: 0
  - field: {fileID: 0}
    indexOfConnection: 0
  - field: {fileID: 0}
    indexOfConnection: 0
  - field: {fileID: 0}
    indexOfConnection: 0
  - field: {fileID: 0}
    indexOfConnection: 0
  - field: {fileID: 0}
    indexOfConnection: 0
  - field: {fileID: 0}
    indexOfConnection: 0
  - field: {fileID: 0}
    indexOfConnection: 0
  - field: {fileID: 0}
    indexOfConnection: 0
  - field: {fileID: 0}
    indexOfConnection: 0
  - field: {fileID: 0}
    indexOfConnection: 0
  - field: {fileID: 0}
    indexOfConnection: 0
  - field: {fileID: 0}
    indexOfConnection: 0
  - field: {fileID: 0}
    indexOfConnection: 0
  - field: {fileID: 0}
    indexOfConnection: 0
  - field: {fileID: 0}
    indexOfConnection: 0
  - field: {fileID: 0}
    indexOfConnection: 0
  - field: {fileID: 0}
    indexOfConnection: 0
  - field: {fileID: 0}
    indexOfConnection: 0
  - field: {fileID: 0}
    indexOfConnection: 0
  - field: {fileID: 0}
    indexOfConnection: 0
  - field: {fileID: 0}
    indexOfConnection: 0
  - field: {fileID: 0}
    indexOfConnection: 0
  - field: {fileID: 0}
    indexOfConnection: 0
  - field: {fileID: 0}
    indexOfConnection: 0
  - field: {fileID: 0}
    indexOfConnection: 0
  - field: {fileID: 0}
    indexOfConnection: 0
  - field: {fileID: 0}
    indexOfConnection: 0
  - field: {fileID: 0}
    indexOfConnection: 0
  - field: {fileID: 0}
    indexOfConnection: 0
  - field: {fileID: 0}
    indexOfConnection: 0
  - field: {fileID: 0}
    indexOfConnection: 0
  - field: {fileID: 0}
    indexOfConnection: 0
  - field: {fileID: 0}
    indexOfConnection: 0
  - field: {fileID: 0}
    indexOfConnection: 0
  - field: {fileID: 0}
    indexOfConnection: 0
  - field: {fileID: 0}
    indexOfConnection: 0
  - field: {fileID: 0}
    indexOfConnection: 0
  - field: {fileID: 0}
    indexOfConnection: 0
  - field: {fileID: 0}
    indexOfConnection: 0
  - field: {fileID: 0}
    indexOfConnection: 0
  - field: {fileID: 0}
    indexOfConnection: 0
  - field: {fileID: 0}
    indexOfConnection: 0
  - field: {fileID: 0}
    indexOfConnection: 0
  - field: {fileID: 0}
    indexOfConnection: 0
  - field: {fileID: 0}
    indexOfConnection: 0
  - field: {fileID: 0}
    indexOfConnection: 0
--- !u!65 &8752605902950936138
BoxCollider:
  m_ObjectHideFlags: 0
  m_CorrespondingSourceObject: {fileID: 0}
  m_PrefabInstance: {fileID: 0}
  m_PrefabAsset: {fileID: 0}
  m_GameObject: {fileID: 138899571337961741}
  m_Material: {fileID: 0}
  m_IsTrigger: 1
  m_Enabled: 1
  serializedVersion: 2
  m_Size: {x: 6.7999997, y: 0.1, z: 1.9999999}
  m_Center: {x: -3.1999998, y: 0, z: 0.79999995}
--- !u!1 &1870069129609032907
GameObject:
  m_ObjectHideFlags: 0
  m_CorrespondingSourceObject: {fileID: 0}
  m_PrefabInstance: {fileID: 0}
  m_PrefabAsset: {fileID: 0}
  serializedVersion: 6
  m_Component:
  - component: {fileID: 6798632148639631869}
  - component: {fileID: 2723648793065636667}
  m_Layer: 0
  m_Name: 4510
  m_TagString: Untagged
  m_Icon: {fileID: 0}
  m_NavMeshLayer: 0
  m_StaticEditorFlags: 0
  m_IsActive: 1
--- !u!4 &6798632148639631869
Transform:
  m_ObjectHideFlags: 0
  m_CorrespondingSourceObject: {fileID: 0}
  m_PrefabInstance: {fileID: 0}
  m_PrefabAsset: {fileID: 0}
  m_GameObject: {fileID: 1870069129609032907}
  m_LocalRotation: {x: 0, y: 0, z: 0, w: 1}
  m_LocalPosition: {x: 0, y: 0, z: 0}
  m_LocalScale: {x: 1, y: 1, z: 1}
  m_Children:
  - {fileID: 6829655478648102657}
  - {fileID: 4023849956032412793}
  m_Father: {fileID: 0}
  m_RootOrder: 0
  m_LocalEulerAnglesHint: {x: 0, y: 0, z: 0}
--- !u!114 &2723648793065636667
MonoBehaviour:
  m_ObjectHideFlags: 0
  m_CorrespondingSourceObject: {fileID: 0}
  m_PrefabInstance: {fileID: 0}
  m_PrefabAsset: {fileID: 0}
  m_GameObject: {fileID: 1870069129609032907}
  m_Enabled: 1
  m_EditorHideFlags: 0
  m_Script: {fileID: 11500000, guid: deb893d6bf2c95a45938bd55b2e051a8, type: 3}
  m_Name: 
  m_EditorClassIdentifier: 
  version: 1
  part: {fileID: 0}
  extents:
    m_Center: {x: -2.8, y: 0.249, z: 0.20000002}
    m_Extent: {x: -3.2, y: 0.249, z: 0.6}
  connectionFields:
  - {fileID: 7879867331070601465}
  - {fileID: 8058376801951842944}
--- !u!1 &3660547478087858889
GameObject:
  m_ObjectHideFlags: 0
  m_CorrespondingSourceObject: {fileID: 0}
  m_PrefabInstance: {fileID: 0}
  m_PrefabAsset: {fileID: 0}
  serializedVersion: 6
  m_Component:
  - component: {fileID: 4023849956032412793}
  - component: {fileID: 8058376801951842944}
  - component: {fileID: 1259839988429308969}
  m_Layer: 13
  m_Name: Custom2DField
  m_TagString: Untagged
  m_Icon: {fileID: 0}
  m_NavMeshLayer: 0
  m_StaticEditorFlags: 0
  m_IsActive: 1
--- !u!4 &4023849956032412793
Transform:
  m_ObjectHideFlags: 0
  m_CorrespondingSourceObject: {fileID: 0}
  m_PrefabInstance: {fileID: 0}
  m_PrefabAsset: {fileID: 0}
  m_GameObject: {fileID: 3660547478087858889}
  m_LocalRotation: {x: -0, y: -0, z: -0, w: 1}
  m_LocalPosition: {x: 0.4, y: 0.32, z: -0.4}
  m_LocalScale: {x: 1, y: 1, z: 1}
  m_Children: []
  m_Father: {fileID: 6798632148639631869}
  m_RootOrder: 1
  m_LocalEulerAnglesHint: {x: 0, y: 0, z: 0}
--- !u!114 &8058376801951842944
MonoBehaviour:
  m_ObjectHideFlags: 0
  m_CorrespondingSourceObject: {fileID: 0}
  m_PrefabInstance: {fileID: 0}
  m_PrefabAsset: {fileID: 0}
  m_GameObject: {fileID: 3660547478087858889}
  m_Enabled: 1
  m_EditorHideFlags: 0
  m_Script: {fileID: 11500000, guid: 616267e32080e4b8dac3ff19dbc8c958, type: 3}
  m_Name: 
  m_EditorClassIdentifier: 
  gridSize: {x: 16, y: 2}
  fieldType: 0
  kind: 0
  connections:
  - connectionType: 18
    quadrants: 1
    index: 0
    flags: 1
    field: {fileID: 8058376801951842944}
    knob: {fileID: 0}
    tubes: []
  - connectionType: 23
    quadrants: 4
    index: 1
    flags: 1
    field: {fileID: 8058376801951842944}
    knob: {fileID: 0}
    tubes: []
  - connectionType: 18
    quadrants: 2
    index: 2
    flags: 1
    field: {fileID: 8058376801951842944}
    knob: {fileID: 0}
    tubes: []
  - connectionType: 23
    quadrants: 4
    index: 3
    flags: 1
    field: {fileID: 8058376801951842944}
    knob: {fileID: 0}
    tubes: []
  - connectionType: 18
    quadrants: 2
    index: 4
    flags: 1
    field: {fileID: 8058376801951842944}
    knob: {fileID: 0}
    tubes: []
  - connectionType: 23
    quadrants: 4
    index: 5
    flags: 1
    field: {fileID: 8058376801951842944}
    knob: {fileID: 0}
    tubes: []
  - connectionType: 18
    quadrants: 2
    index: 6
    flags: 1
    field: {fileID: 8058376801951842944}
    knob: {fileID: 0}
    tubes: []
  - connectionType: 23
    quadrants: 4
    index: 7
    flags: 1
    field: {fileID: 8058376801951842944}
    knob: {fileID: 0}
    tubes: []
  - connectionType: 18
    quadrants: 2
    index: 8
    flags: 1
    field: {fileID: 8058376801951842944}
    knob: {fileID: 0}
    tubes: []
  - connectionType: 23
    quadrants: 4
    index: 9
    flags: 1
    field: {fileID: 8058376801951842944}
    knob: {fileID: 0}
    tubes: []
  - connectionType: 18
    quadrants: 2
    index: 10
    flags: 1
    field: {fileID: 8058376801951842944}
    knob: {fileID: 0}
    tubes: []
  - connectionType: 23
    quadrants: 4
    index: 11
    flags: 1
    field: {fileID: 8058376801951842944}
    knob: {fileID: 0}
    tubes: []
  - connectionType: 18
    quadrants: 2
    index: 12
    flags: 1
    field: {fileID: 8058376801951842944}
    knob: {fileID: 0}
    tubes: []
  - connectionType: 23
    quadrants: 4
    index: 13
    flags: 1
    field: {fileID: 8058376801951842944}
    knob: {fileID: 0}
    tubes: []
  - connectionType: 18
    quadrants: 2
    index: 14
    flags: 1
    field: {fileID: 8058376801951842944}
    knob: {fileID: 0}
    tubes: []
  - connectionType: 23
    quadrants: 4
    index: 15
    flags: 1
    field: {fileID: 8058376801951842944}
    knob: {fileID: 0}
    tubes: []
  - connectionType: 18
    quadrants: 1
    index: 16
    flags: 1
    field: {fileID: 8058376801951842944}
    knob: {fileID: 0}
    tubes: []
  - connectionType: 23
    quadrants: 4
    index: 17
    flags: 1
    field: {fileID: 8058376801951842944}
    knob: {fileID: 0}
    tubes: []
  - connectionType: 0
    quadrants: 4
    index: 18
    flags: 1
    field: {fileID: 8058376801951842944}
    knob: {fileID: 0}
    tubes: []
  - connectionType: 23
    quadrants: 4
    index: 19
    flags: 1
    field: {fileID: 8058376801951842944}
    knob: {fileID: 0}
    tubes: []
  - connectionType: 0
    quadrants: 4
    index: 20
    flags: 1
    field: {fileID: 8058376801951842944}
    knob: {fileID: 0}
    tubes: []
  - connectionType: 23
    quadrants: 4
    index: 21
    flags: 1
    field: {fileID: 8058376801951842944}
    knob: {fileID: 0}
    tubes: []
  - connectionType: 0
    quadrants: 4
    index: 22
    flags: 1
    field: {fileID: 8058376801951842944}
    knob: {fileID: 0}
    tubes: []
  - connectionType: 23
    quadrants: 4
    index: 23
    flags: 1
    field: {fileID: 8058376801951842944}
    knob: {fileID: 0}
    tubes: []
  - connectionType: 0
    quadrants: 4
    index: 24
    flags: 1
    field: {fileID: 8058376801951842944}
    knob: {fileID: 0}
    tubes: []
  - connectionType: 23
    quadrants: 4
    index: 25
    flags: 1
    field: {fileID: 8058376801951842944}
    knob: {fileID: 0}
    tubes: []
  - connectionType: 0
    quadrants: 4
    index: 26
    flags: 1
    field: {fileID: 8058376801951842944}
    knob: {fileID: 0}
    tubes: []
  - connectionType: 23
    quadrants: 4
    index: 27
    flags: 1
    field: {fileID: 8058376801951842944}
    knob: {fileID: 0}
    tubes: []
  - connectionType: 0
    quadrants: 4
    index: 28
    flags: 1
    field: {fileID: 8058376801951842944}
    knob: {fileID: 0}
    tubes: []
  - connectionType: 23
    quadrants: 4
    index: 29
    flags: 1
    field: {fileID: 8058376801951842944}
    knob: {fileID: 0}
    tubes: []
  - connectionType: 0
    quadrants: 4
    index: 30
    flags: 1
    field: {fileID: 8058376801951842944}
    knob: {fileID: 0}
    tubes: []
  - connectionType: 23
    quadrants: 4
    index: 31
    flags: 1
    field: {fileID: 8058376801951842944}
    knob: {fileID: 0}
    tubes: []
  - connectionType: 0
    quadrants: 4
    index: 32
    flags: 1
    field: {fileID: 8058376801951842944}
    knob: {fileID: 0}
    tubes: []
  - connectionType: 23
    quadrants: 4
    index: 33
    flags: 1
    field: {fileID: 8058376801951842944}
    knob: {fileID: 0}
    tubes: []
  - connectionType: 18
    quadrants: 1
    index: 34
    flags: 1
    field: {fileID: 8058376801951842944}
    knob: {fileID: 0}
    tubes: []
  - connectionType: 23
    quadrants: 4
    index: 35
    flags: 1
    field: {fileID: 8058376801951842944}
    knob: {fileID: 0}
    tubes: []
  - connectionType: 18
    quadrants: 2
    index: 36
    flags: 1
    field: {fileID: 8058376801951842944}
    knob: {fileID: 0}
    tubes: []
  - connectionType: 23
    quadrants: 4
    index: 37
    flags: 1
    field: {fileID: 8058376801951842944}
    knob: {fileID: 0}
    tubes: []
  - connectionType: 18
    quadrants: 2
    index: 38
    flags: 1
    field: {fileID: 8058376801951842944}
    knob: {fileID: 0}
    tubes: []
  - connectionType: 23
    quadrants: 4
    index: 39
    flags: 1
    field: {fileID: 8058376801951842944}
    knob: {fileID: 0}
    tubes: []
  - connectionType: 18
    quadrants: 2
    index: 40
    flags: 1
    field: {fileID: 8058376801951842944}
    knob: {fileID: 0}
    tubes: []
  - connectionType: 23
    quadrants: 4
    index: 41
    flags: 1
    field: {fileID: 8058376801951842944}
    knob: {fileID: 0}
    tubes: []
  - connectionType: 18
    quadrants: 2
    index: 42
    flags: 1
    field: {fileID: 8058376801951842944}
    knob: {fileID: 0}
    tubes: []
  - connectionType: 23
    quadrants: 4
    index: 43
    flags: 1
    field: {fileID: 8058376801951842944}
    knob: {fileID: 0}
    tubes: []
  - connectionType: 18
    quadrants: 2
    index: 44
    flags: 1
    field: {fileID: 8058376801951842944}
    knob: {fileID: 0}
    tubes: []
  - connectionType: 23
    quadrants: 4
    index: 45
    flags: 1
    field: {fileID: 8058376801951842944}
    knob: {fileID: 0}
    tubes: []
  - connectionType: 18
    quadrants: 2
    index: 46
    flags: 1
    field: {fileID: 8058376801951842944}
    knob: {fileID: 0}
    tubes: []
  - connectionType: 23
    quadrants: 4
    index: 47
    flags: 1
    field: {fileID: 8058376801951842944}
    knob: {fileID: 0}
    tubes: []
  - connectionType: 18
    quadrants: 2
    index: 48
    flags: 1
    field: {fileID: 8058376801951842944}
    knob: {fileID: 0}
    tubes: []
  - connectionType: 23
    quadrants: 4
    index: 49
    flags: 1
    field: {fileID: 8058376801951842944}
    knob: {fileID: 0}
    tubes: []
  - connectionType: 18
    quadrants: 1
    index: 50
    flags: 1
    field: {fileID: 8058376801951842944}
    knob: {fileID: 0}
    tubes: []
  connectivity: {fileID: 2723648793065636667}
  connected: 
  connectableConnections: 26
  connectedTo:
  - field: {fileID: 0}
    indexOfConnection: 0
  - field: {fileID: 0}
    indexOfConnection: 0
  - field: {fileID: 0}
    indexOfConnection: 0
  - field: {fileID: 0}
    indexOfConnection: 0
  - field: {fileID: 0}
    indexOfConnection: 0
  - field: {fileID: 0}
    indexOfConnection: 0
  - field: {fileID: 0}
    indexOfConnection: 0
  - field: {fileID: 0}
    indexOfConnection: 0
  - field: {fileID: 0}
    indexOfConnection: 0
  - field: {fileID: 0}
    indexOfConnection: 0
  - field: {fileID: 0}
    indexOfConnection: 0
  - field: {fileID: 0}
    indexOfConnection: 0
  - field: {fileID: 0}
    indexOfConnection: 0
  - field: {fileID: 0}
    indexOfConnection: 0
  - field: {fileID: 0}
    indexOfConnection: 0
  - field: {fileID: 0}
    indexOfConnection: 0
  - field: {fileID: 0}
    indexOfConnection: 0
  - field: {fileID: 0}
    indexOfConnection: 0
  - field: {fileID: 0}
    indexOfConnection: 0
  - field: {fileID: 0}
    indexOfConnection: 0
  - field: {fileID: 0}
    indexOfConnection: 0
  - field: {fileID: 0}
    indexOfConnection: 0
  - field: {fileID: 0}
    indexOfConnection: 0
  - field: {fileID: 0}
    indexOfConnection: 0
  - field: {fileID: 0}
    indexOfConnection: 0
  - field: {fileID: 0}
    indexOfConnection: 0
  - field: {fileID: 0}
    indexOfConnection: 0
  - field: {fileID: 0}
    indexOfConnection: 0
  - field: {fileID: 0}
    indexOfConnection: 0
  - field: {fileID: 0}
    indexOfConnection: 0
  - field: {fileID: 0}
    indexOfConnection: 0
  - field: {fileID: 0}
    indexOfConnection: 0
  - field: {fileID: 0}
    indexOfConnection: 0
  - field: {fileID: 0}
    indexOfConnection: 0
  - field: {fileID: 0}
    indexOfConnection: 0
  - field: {fileID: 0}
    indexOfConnection: 0
  - field: {fileID: 0}
    indexOfConnection: 0
  - field: {fileID: 0}
    indexOfConnection: 0
  - field: {fileID: 0}
    indexOfConnection: 0
  - field: {fileID: 0}
    indexOfConnection: 0
  - field: {fileID: 0}
    indexOfConnection: 0
  - field: {fileID: 0}
    indexOfConnection: 0
  - field: {fileID: 0}
    indexOfConnection: 0
  - field: {fileID: 0}
    indexOfConnection: 0
  - field: {fileID: 0}
    indexOfConnection: 0
  - field: {fileID: 0}
    indexOfConnection: 0
  - field: {fileID: 0}
    indexOfConnection: 0
  - field: {fileID: 0}
    indexOfConnection: 0
  - field: {fileID: 0}
    indexOfConnection: 0
  - field: {fileID: 0}
    indexOfConnection: 0
  - field: {fileID: 0}
    indexOfConnection: 0
--- !u!65 &1259839988429308969
BoxCollider:
  m_ObjectHideFlags: 0
  m_CorrespondingSourceObject: {fileID: 0}
  m_PrefabInstance: {fileID: 0}
  m_PrefabAsset: {fileID: 0}
  m_GameObject: {fileID: 3660547478087858889}
  m_Material: {fileID: 0}
  m_IsTrigger: 1
  m_Enabled: 1
  serializedVersion: 2
  m_Size: {x: 6.7999997, y: 0.1, z: 1.1999999}
  m_Center: {x: -3.1999998, y: 0, z: 0.39999998}
