%YAML 1.1
%TAG !u! tag:unity3d.com,2011:
--- !u!1 &909521303145497231
GameObject:
  m_ObjectHideFlags: 0
  m_CorrespondingSourceObject: {fileID: 0}
  m_PrefabInstance: {fileID: 0}
  m_PrefabAsset: {fileID: 0}
  serializedVersion: 6
  m_Component:
  - component: {fileID: 5011029491566953997}
  - component: {fileID: 1555245506783205515}
  - component: {fileID: 8199560600382470774}
  m_Layer: 12
  m_Name: Custom2DField
  m_TagString: Untagged
  m_Icon: {fileID: 0}
  m_NavMeshLayer: 0
  m_StaticEditorFlags: 0
  m_IsActive: 1
--- !u!4 &5011029491566953997
Transform:
  m_ObjectHideFlags: 0
  m_CorrespondingSourceObject: {fileID: 0}
  m_PrefabInstance: {fileID: 0}
  m_PrefabAsset: {fileID: 0}
  m_GameObject: {fileID: 909521303145497231}
  m_LocalRotation: {x: -0, y: -0, z: -0, w: 1}
  m_LocalPosition: {x: 0.4, y: 0, z: -0.4}
  m_LocalScale: {x: 1, y: 1, z: 1}
  m_Children: []
  m_Father: {fileID: 4467704984351873672}
  m_RootOrder: 0
  m_LocalEulerAnglesHint: {x: 0, y: 0, z: 0}
--- !u!114 &1555245506783205515
MonoBehaviour:
  m_ObjectHideFlags: 0
  m_CorrespondingSourceObject: {fileID: 0}
  m_PrefabInstance: {fileID: 0}
  m_PrefabAsset: {fileID: 0}
  m_GameObject: {fileID: 909521303145497231}
  m_Enabled: 1
  m_EditorHideFlags: 0
  m_Script: {fileID: 11500000, guid: 616267e32080e4b8dac3ff19dbc8c958, type: 3}
  m_Name: 
  m_EditorClassIdentifier: 
  gridSize: {x: 4, y: 2}
  fieldType: 0
  kind: 1
  connections:
  - connectionType: 22
    quadrants: 1
    index: 0
    flags: 1
    field: {fileID: 1555245506783205515}
    knob: {fileID: 0}
    tubes: []
  - connectionType: 22
    quadrants: 2
    index: 1
    flags: 1
    field: {fileID: 1555245506783205515}
    knob: {fileID: 0}
    tubes: []
  - connectionType: 22
    quadrants: 2
    index: 2
    flags: 1
    field: {fileID: 1555245506783205515}
    knob: {fileID: 0}
    tubes: []
  - connectionType: 22
    quadrants: 2
    index: 3
    flags: 1
    field: {fileID: 1555245506783205515}
    knob: {fileID: 0}
    tubes: []
  - connectionType: 22
    quadrants: 1
    index: 4
    flags: 1
    field: {fileID: 1555245506783205515}
    knob: {fileID: 0}
    tubes: []
  - connectionType: 22
    quadrants: 2
    index: 5
    flags: 1
    field: {fileID: 1555245506783205515}
    knob: {fileID: 0}
    tubes: []
  - connectionType: 15
    quadrants: 4
    index: 6
    flags: 1
    field: {fileID: 1555245506783205515}
    knob: {fileID: 0}
    tubes: []
  - connectionType: 15
    quadrants: 4
    index: 7
    flags: 0
    field: {fileID: 1555245506783205515}
    knob: {fileID: 0}
    tubes: []
  - connectionType: 15
    quadrants: 4
    index: 8
    flags: 1
    field: {fileID: 1555245506783205515}
    knob: {fileID: 0}
    tubes: []
  - connectionType: 22
    quadrants: 2
    index: 9
    flags: 1
    field: {fileID: 1555245506783205515}
    knob: {fileID: 0}
    tubes: []
  - connectionType: 22
    quadrants: 1
    index: 10
    flags: 1
    field: {fileID: 1555245506783205515}
    knob: {fileID: 0}
    tubes: []
  - connectionType: 22
    quadrants: 2
    index: 11
    flags: 1
    field: {fileID: 1555245506783205515}
    knob: {fileID: 0}
    tubes: []
  - connectionType: 22
    quadrants: 2
    index: 12
    flags: 1
    field: {fileID: 1555245506783205515}
    knob: {fileID: 0}
    tubes: []
  - connectionType: 22
    quadrants: 2
    index: 13
    flags: 1
    field: {fileID: 1555245506783205515}
    knob: {fileID: 0}
    tubes: []
  - connectionType: 22
    quadrants: 1
    index: 14
    flags: 1
    field: {fileID: 1555245506783205515}
    knob: {fileID: 0}
    tubes: []
  connectivity: {fileID: 4067329288497721473}
  connected: 
  connectableConnections: 3
  connectedTo:
  - field: {fileID: 0}
    indexOfConnection: 0
  - field: {fileID: 0}
    indexOfConnection: 0
  - field: {fileID: 0}
    indexOfConnection: 0
  - field: {fileID: 0}
    indexOfConnection: 0
  - field: {fileID: 0}
    indexOfConnection: 0
  - field: {fileID: 0}
    indexOfConnection: 0
  - field: {fileID: 0}
    indexOfConnection: 0
  - field: {fileID: 0}
    indexOfConnection: 0
  - field: {fileID: 0}
    indexOfConnection: 0
  - field: {fileID: 0}
    indexOfConnection: 0
  - field: {fileID: 0}
    indexOfConnection: 0
  - field: {fileID: 0}
    indexOfConnection: 0
  - field: {fileID: 0}
    indexOfConnection: 0
  - field: {fileID: 0}
    indexOfConnection: 0
  - field: {fileID: 0}
    indexOfConnection: 0
--- !u!65 &8199560600382470774
BoxCollider:
  m_ObjectHideFlags: 0
  m_CorrespondingSourceObject: {fileID: 0}
  m_PrefabInstance: {fileID: 0}
  m_PrefabAsset: {fileID: 0}
  m_GameObject: {fileID: 909521303145497231}
  m_Material: {fileID: 0}
  m_IsTrigger: 1
  m_Enabled: 1
  serializedVersion: 2
  m_Size: {x: 1.9999999, y: 0.1, z: 1.1999999}
  m_Center: {x: -0.79999995, y: 0, z: 0.39999998}
--- !u!1 &3330389603047544991
GameObject:
  m_ObjectHideFlags: 0
  m_CorrespondingSourceObject: {fileID: 0}
  m_PrefabInstance: {fileID: 0}
  m_PrefabAsset: {fileID: 0}
  serializedVersion: 6
  m_Component:
  - component: {fileID: 4467704984351873672}
  - component: {fileID: 4067329288497721473}
  m_Layer: 0
  m_Name: 60593
  m_TagString: Untagged
  m_Icon: {fileID: 0}
  m_NavMeshLayer: 0
  m_StaticEditorFlags: 0
  m_IsActive: 1
--- !u!4 &4467704984351873672
Transform:
  m_ObjectHideFlags: 0
  m_CorrespondingSourceObject: {fileID: 0}
  m_PrefabInstance: {fileID: 0}
  m_PrefabAsset: {fileID: 0}
  m_GameObject: {fileID: 3330389603047544991}
  m_LocalRotation: {x: 0, y: 0, z: 0, w: 1}
  m_LocalPosition: {x: 0, y: 0, z: 0}
  m_LocalScale: {x: 1, y: 1, z: 1}
  m_Children:
  - {fileID: 5011029491566953997}
  - {fileID: 1420738296213600185}
  m_Father: {fileID: 0}
  m_RootOrder: 0
  m_LocalEulerAnglesHint: {x: 0, y: 0, z: 0}
--- !u!114 &4067329288497721473
MonoBehaviour:
  m_ObjectHideFlags: 0
  m_CorrespondingSourceObject: {fileID: 0}
  m_PrefabInstance: {fileID: 0}
  m_PrefabAsset: {fileID: 0}
  m_GameObject: {fileID: 3330389603047544991}
  m_Enabled: 1
  m_EditorHideFlags: 0
  m_Script: {fileID: 11500000, guid: deb893d6bf2c95a45938bd55b2e051a8, type: 3}
  m_Name: 
  m_EditorClassIdentifier: 
  version: 1
  part: {fileID: 0}
  extents:
    m_Center: {x: -0.39999852, y: 1.52955, z: 0}
    m_Extent: {x: -0.8000015, y: 1.52955, z: 0.4}
  connectionFields:
  - {fileID: 1555245506783205515}
  - {fileID: 2062540266716271508}
--- !u!1 &8900217113598157364
GameObject:
  m_ObjectHideFlags: 0
  m_CorrespondingSourceObject: {fileID: 0}
  m_PrefabInstance: {fileID: 0}
  m_PrefabAsset: {fileID: 0}
  serializedVersion: 6
  m_Component:
  - component: {fileID: 1420738296213600185}
  - component: {fileID: 2062540266716271508}
  - component: {fileID: 8376854823525975834}
  m_Layer: 13
  m_Name: Custom2DField
  m_TagString: Untagged
  m_Icon: {fileID: 0}
  m_NavMeshLayer: 0
  m_StaticEditorFlags: 0
  m_IsActive: 1
--- !u!4 &1420738296213600185
Transform:
  m_ObjectHideFlags: 0
  m_CorrespondingSourceObject: {fileID: 0}
  m_PrefabInstance: {fileID: 0}
  m_PrefabAsset: {fileID: 0}
  m_GameObject: {fileID: 8900217113598157364}
  m_LocalRotation: {x: -0, y: -0, z: -0, w: 1}
  m_LocalPosition: {x: 0.4, y: 2.88, z: -0.4}
  m_LocalScale: {x: 1, y: 1, z: 1}
  m_Children: []
  m_Father: {fileID: 4467704984351873672}
  m_RootOrder: 1
  m_LocalEulerAnglesHint: {x: 0, y: 0, z: 0}
--- !u!114 &2062540266716271508
MonoBehaviour:
  m_ObjectHideFlags: 0
  m_CorrespondingSourceObject: {fileID: 0}
  m_PrefabInstance: {fileID: 0}
  m_PrefabAsset: {fileID: 0}
  m_GameObject: {fileID: 8900217113598157364}
  m_Enabled: 1
  m_EditorHideFlags: 0
  m_Script: {fileID: 11500000, guid: 616267e32080e4b8dac3ff19dbc8c958, type: 3}
  m_Name: 
  m_EditorClassIdentifier: 
  gridSize: {x: 4, y: 2}
  fieldType: 0
  kind: 0
  connections:
  - connectionType: 18
    quadrants: 1
    index: 0
    flags: 1
    field: {fileID: 2062540266716271508}
    knob: {fileID: 0}
    tubes: []
  - connectionType: 23
    quadrants: 4
    index: 1
    flags: 1
    field: {fileID: 2062540266716271508}
    knob: {fileID: 0}
    tubes: []
  - connectionType: 18
    quadrants: 2
    index: 2
    flags: 1
    field: {fileID: 2062540266716271508}
    knob: {fileID: 0}
    tubes: []
  - connectionType: 23
    quadrants: 4
    index: 3
    flags: 1
    field: {fileID: 2062540266716271508}
    knob: {fileID: 0}
    tubes: []
  - connectionType: 18
    quadrants: 1
    index: 4
    flags: 1
    field: {fileID: 2062540266716271508}
    knob: {fileID: 0}
    tubes: []
  - connectionType: 23
    quadrants: 4
    index: 5
    flags: 1
    field: {fileID: 2062540266716271508}
    knob: {fileID: 0}
    tubes: []
  - connectionType: 1
    quadrants: 4
    index: 6
    flags: 0
    field: {fileID: 2062540266716271508}
    knob: {fileID: 0}
    tubes: []
  - connectionType: 23
    quadrants: 4
    index: 7
    flags: 1
    field: {fileID: 2062540266716271508}
    knob: {fileID: 0}
    tubes: []
  - connectionType: 1
    quadrants: 4
    index: 8
    flags: 0
    field: {fileID: 2062540266716271508}
    knob: {fileID: 0}
    tubes: []
  - connectionType: 23
    quadrants: 4
    index: 9
    flags: 1
    field: {fileID: 2062540266716271508}
    knob: {fileID: 0}
    tubes: []
  - connectionType: 18
    quadrants: 1
    index: 10
    flags: 1
    field: {fileID: 2062540266716271508}
    knob: {fileID: 0}
    tubes: []
  - connectionType: 23
    quadrants: 4
    index: 11
    flags: 1
    field: {fileID: 2062540266716271508}
    knob: {fileID: 0}
    tubes: []
  - connectionType: 18
    quadrants: 2
    index: 12
    flags: 1
    field: {fileID: 2062540266716271508}
    knob: {fileID: 0}
    tubes: []
  - connectionType: 23
    quadrants: 4
    index: 13
    flags: 1
    field: {fileID: 2062540266716271508}
    knob: {fileID: 0}
    tubes: []
  - connectionType: 18
    quadrants: 1
    index: 14
    flags: 1
    field: {fileID: 2062540266716271508}
    knob: {fileID: 0}
    tubes: []
  connectivity: {fileID: 4067329288497721473}
  connected: 
  connectableConnections: 8
  connectedTo:
  - field: {fileID: 0}
    indexOfConnection: 0
  - field: {fileID: 0}
    indexOfConnection: 0
  - field: {fileID: 0}
    indexOfConnection: 0
  - field: {fileID: 0}
    indexOfConnection: 0
  - field: {fileID: 0}
    indexOfConnection: 0
  - field: {fileID: 0}
    indexOfConnection: 0
  - field: {fileID: 0}
    indexOfConnection: 0
  - field: {fileID: 0}
    indexOfConnection: 0
  - field: {fileID: 0}
    indexOfConnection: 0
  - field: {fileID: 0}
    indexOfConnection: 0
  - field: {fileID: 0}
    indexOfConnection: 0
  - field: {fileID: 0}
    indexOfConnection: 0
  - field: {fileID: 0}
    indexOfConnection: 0
  - field: {fileID: 0}
    indexOfConnection: 0
  - field: {fileID: 0}
    indexOfConnection: 0
--- !u!65 &8376854823525975834
BoxCollider:
  m_ObjectHideFlags: 0
  m_CorrespondingSourceObject: {fileID: 0}
  m_PrefabInstance: {fileID: 0}
  m_PrefabAsset: {fileID: 0}
  m_GameObject: {fileID: 8900217113598157364}
  m_Material: {fileID: 0}
  m_IsTrigger: 1
  m_Enabled: 1
  serializedVersion: 2
  m_Size: {x: 1.9999999, y: 0.1, z: 1.1999999}
  m_Center: {x: -0.79999995, y: 0, z: 0.39999998}
